@comment{@article{1801.03038 1712.08064,
 adsnote = {Provided by the SAO/NASA Astrophysics Data System},
 adsurl = {https://ui.adsabs.harvard.edu/abs/2018MNRAS.480.1096Z},
 archiveprefix = {arXiv},
 author = {{Zhu}, Fangzhou and {Padmanabhan}, Nikhil and {Ross}, Ashley J. and
{White}, Martin and {Percival}, Will J. and {Ruggeri}, Rossana and
{Zhao}, Gong-bo and {Wang}, Dandan and {Mueller}, Eva-Maria and
{Burtin}, Etienne and {Gil-Mar{\'\i}n}, H{\'e}ctor and
{Bautista}, Julian and {Beutler}, Florian and {Brinkmann}, Jonathan and
{Brownstein}, Joel R. and {Dawson}, Kyle and {de la Macorra}, Axel and
{Rossi}, Graziano and {Schneider}, Donald P. and {Tojeiro}, Rita and
{Wang}, Yuting},
 doi = {10.1093/mnras/sty1955},
 eprint = {1801.03038},
 journal = {\mnras},
 keywords = {dark energy, distance scale, cosmology: observations, Astrophysics - Cosmology and Nongalactic Astrophysics},
 month = {Oct},
 number = {1},
 pages = {1096-1105},
 primaryclass = {astro-ph.CO},
 title = {{The clustering of theSDSS-IV extended Baryon Oscillation Spectroscopic Survey DR14 quasar sample: measuring the anisotropic baryon acoustic oscillations with redshift weights}},
 volume = {480},
 year = {2018}
}}

@comment{@article{,
 adsnote = {Provided by the SAO/NASA Astrophysics Data System},
 adsurl = {https://ui.adsabs.harvard.edu/abs/2018arXiv180706209P},
 archiveprefix = {arXiv},
 author = {{Planck Collaboration} and {Aghanim}, N. and {Akrami}, Y. and
{Ashdown}, M. and {Aumont}, J. and {Baccigalupi}, C. and
{Ballardini}, M. and {Banday}, A.~J. and {Barreiro}, R.~B. and
{Bartolo}, N. and {Basak}, S. and {Battye}, R. and {Benabed}, K. and
{Bernard}, J. -P. and {Bersanelli}, M. and {Bielewicz}, P. and
{Bock}, J.~J. and {Bond}, J.~R. and {Borrill}, J. and {Bouchet}, F.~R. and
{Boulanger}, F. and {Bucher}, M. and {Burigana}, C. and
{Butler}, R.~C. and {Calabrese}, E. and {Cardoso}, J. -F. and
{Carron}, J. and {Challinor}, A. and {Chiang}, H.~C. and {Chluba}, J. and
{Colombo}, L.~P.~L. and {Combet}, C. and {Contreras}, D. and
{Crill}, B.~P. and {Cuttaia}, F. and {de Bernardis}, P. and
{de Zotti}, G. and {Delabrouille}, J. and {Delouis}, J. -M. and
{Di Valentino}, E. and {Diego}, J.~M. and {Dor{\'e}}, O. and
{Douspis}, M. and {Ducout}, A. and {Dupac}, X. and {Dusini}, S. and
{Efstathiou}, G. and {Elsner}, F. and {En{\ss}lin}, T.~A. and
{Eriksen}, H.~K. and {Fantaye}, Y. and {Farhang}, M. and
{Fergusson}, J. and {Fernandez-Cobos}, R. and {Finelli}, F. and
{Forastieri}, F. and {Frailis}, M. and {Fraisse}, A.~A. and
{Franceschi}, E. and {Frolov}, A. and {Galeotta}, S. and {Galli}, S. and
{Ganga}, K. and {G{\'e}nova-Santos}, R.~T. and {Gerbino}, M. and
{Ghosh}, T. and {Gonz{\'a}lez-Nuevo}, J. and {G{\'o}rski}, K.~M. and
{Gratton}, S. and {Gruppuso}, A. and {Gudmundsson}, J.~E. and
{Hamann}, J. and {Handley}, W. and {Hansen}, F.~K. and {Herranz}, D. and
{Hildebrandt}, S.~R. and {Hivon}, E. and {Huang}, Z. and
{Jaffe}, A.~H. and {Jones}, W.~C. and {Karakci}, A. and
{Keih{\"a}nen}, E. and {Keskitalo}, R. and {Kiiveri}, K. and {Kim}, J. and
{Kisner}, T.~S. and {Knox}, L. and {Krachmalnicoff}, N. and {Kunz}, M. and
{Kurki-Suonio}, H. and {Lagache}, G. and {Lamarre}, J. -M. and
{Lasenby}, A. and {Lattanzi}, M. and {Lawrence}, C.~R. and
{Le Jeune}, M. and {Lemos}, P. and {Lesgourgues}, J. and {Levrier}, F. and
{Lewis}, A. and {Liguori}, M. and {Lilje}, P.~B. and {Lilley}, M. and
{Lindholm}, V. and {L{\'o}pez-Caniego}, M. and {Lubin}, P.~M. and
{Ma}, Y. -Z. and {Mac{\'\i}as-P{\'e}rez}, J.~F. and {Maggio}, G. and
{Maino}, D. and {Mandolesi}, N. and {Mangilli}, A. and
{Marcos-Caballero}, A. and {Maris}, M. and {Martin}, P.~G. and
{Martinelli}, M. and {Mart{\'\i}nez-Gonz{\'a}lez}, E. and
{Matarrese}, S. and {Mauri}, N. and {McEwen}, J.~D. and
{Meinhold}, P.~R. and {Melchiorri}, A. and {Mennella}, A. and
{Migliaccio}, M. and {Millea}, M. and {Mitra}, S. and
{Miville-Desch{\^e}nes}, M. -A. and {Molinari}, D. and {Montier}, L. and
{Morgante}, G. and {Moss}, A. and {Natoli}, P. and
{N{\o}rgaard-Nielsen}, H.~U. and {Pagano}, L. and {Paoletti}, D. and
{Partridge}, B. and {Patanchon}, G. and {Peiris}, H.~V. and
{Perrotta}, F. and {Pettorino}, V. and {Piacentini}, F. and
{Polastri}, L. and {Polenta}, G. and {Puget}, J. -L. and
{Rachen}, J.~P. and {Reinecke}, M. and {Remazeilles}, M. and
{Renzi}, A. and {Rocha}, G. and {Rosset}, C. and {Roudier}, G. and
{Rubi{\~n}o-Mart{\'\i}n}, J.~A. and {Ruiz-Granados}, B. and
{Salvati}, L. and {Sandri}, M. and {Savelainen}, M. and {Scott}, D. and
{Shellard}, E.~P.~S. and {Sirignano}, C. and {Sirri}, G. and
{Spencer}, L.~D. and {Sunyaev}, R. and {Suur-Uski}, A. -S. and
{Tauber}, J.~A. and {Tavagnacco}, D. and {Tenti}, M. and
{Toffolatti}, L. and {Tomasi}, M. and {Trombetti}, T. and
{Valenziano}, L. and {Valiviita}, J. and {Van Tent}, B. and
{Vibert}, L. and {Vielva}, P. and {Villa}, F. and {Vittorio}, N. and {Wand
elt}, B.~D. and {Wehus}, I.~K. and {White}, M. and {White}, S.~D.~M. and
{Zacchei}, A. and {Zonca}, A.},
 eid = {arXiv:1807.06209},
 eprint = {1807.06209},
 journal = {arXiv e-prints},
 keywords = {Astrophysics - Cosmology and Nongalactic Astrophysics},
 month = {Jul},
 pages = {arXiv:1807.06209},
 primaryclass = {astro-ph.CO},
 title = {{Planck 2018 results. VI. Cosmological parameters}},
 year = {2018}
}}

@comment{@article{1801.03038 1712.08064,
 adsnote = {Provided by the SAO/NASA Astrophysics Data System},
 adsurl = {https://ui.adsabs.harvard.edu/abs/2018MNRAS.480.1096Z},
 archiveprefix = {arXiv},
 author = {{Zhu}, Fangzhou and {Padmanabhan}, Nikhil and {Ross}, Ashley J. and
{White}, Martin and {Percival}, Will J. and {Ruggeri}, Rossana and
{Zhao}, Gong-bo and {Wang}, Dandan and {Mueller}, Eva-Maria and
{Burtin}, Etienne and {Gil-Mar{\'\i}n}, H{\'e}ctor and
{Bautista}, Julian and {Beutler}, Florian and {Brinkmann}, Jonathan and
{Brownstein}, Joel R. and {Dawson}, Kyle and {de la Macorra}, Axel and
{Rossi}, Graziano and {Schneider}, Donald P. and {Tojeiro}, Rita and
{Wang}, Yuting},
 doi = {10.1093/mnras/sty1955},
 eprint = {1801.03038},
 journal = {\mnras},
 keywords = {dark energy, distance scale, cosmology: observations, Astrophysics - Cosmology and Nongalactic Astrophysics},
 month = {Oct},
 number = {1},
 pages = {1096-1105},
 primaryclass = {astro-ph.CO},
 title = {{The clustering of theSDSS-IV extended Baryon Oscillation Spectroscopic Survey DR14 quasar sample: measuring the anisotropic baryon acoustic oscillations with redshift weights}},
 volume = {480},
 year = {2018}
}}

@string{june = {June}}

@article{0609591,
 adsnote = {Provided by the SAO/NASA Astrophysics Data System},
 adsurl = {https://ui.adsabs.harvard.edu/abs/2006astro.ph..9591A},
 archiveprefix = {arXiv},
 author = {{Albrecht}, Andreas and {Bernstein}, Gary and {Cahn}, Robert and
{Freedman}, Wendy L. and {Hewitt}, Jacqueline and {Hu}, Wayne and
{Huth}, John and {Kamionkowski}, Marc and {Kolb}, Edward W. and
{Knox}, Lloyd and {Mather}, John C. and {Staggs}, Suzanne and
{Suntzeff}, Nicholas B.},
 eid = {astro-ph/0609591},
 eprint = {astro-ph/0609591},
 journal = {arXiv e-prints},
 keywords = {Astrophysics},
 month = {Sep},
 pages = {astro-ph/0609591},
 primaryclass = {astro-ph},
 title = {{Report of the Dark Energy Task Force}},
 year = {2006}
}

@article{0902.0991,
 adsnote = {Provided by the SAO/NASA Astrophysics Data System},
 adsurl = {https://ui.adsabs.harvard.edu/abs/2009JCAP...08..020M},
 archiveprefix = {arXiv},
 author = {{McDonald}, Patrick and {Roy}, Arabindo},
 doi = {10.1088/1475-7516/2009/08/020},
 eid = {020},
 eprint = {0902.0991},
 journal = {\jcap},
 keywords = {Astrophysics - Cosmology and Extragalactic Astrophysics},
 month = {Aug},
 number = {8},
 pages = {020},
 primaryclass = {astro-ph.CO},
 title = {{Clustering of dark matter tracers: generalizing bias for the coming era of precision LSS}},
 volume = {2009},
 year = {2009}
}

@article{0912.0201,
 adsnote = {Provided by the SAO/NASA Astrophysics Data System},
 adsurl = {https://ui.adsabs.harvard.edu/abs/2009arXiv0912.0201L},
 archiveprefix = {arXiv},
 author = {{LSST Science Collaboration} and {Abell}, Paul A. and {Allison}, Julius and
{Anderson}, Scott F. and {Andrew}, John R. and {Angel}, J. Roger P. and
{Armus}, Lee and {Arnett}, David and {Asztalos}, S.~J. and
{Axelrod}, Tim S. and et al.},
 eid = {arXiv:0912.0201},
 eprint = {0912.0201},
 journal = {arXiv e-prints},
 keywords = {Astrophysics - Instrumentation and Methods for Astrophysics, Astrophysics - Cosmology and Extragalactic Astrophysics, Astrophysics - Earth and Planetary Astrophysics, Astrophysics - Galaxy Astrophysics, Astrophysics - Solar and Stellar Astrophysics},
 month = {Dec},
 pages = {arXiv:0912.0201},
 primaryclass = {astro-ph.IM},
 title = {{LSST Science Book, Version 2.0}},
 year = {2009}
}

@article{1402.5916,
 adsnote = {Provided by the SAO/NASA Astrophysics Data System},
 adsurl = {https://ui.adsabs.harvard.edu/abs/2014JCAP...08..056A},
 archiveprefix = {arXiv},
 author = {{Assassi}, Valentin and {Baumann}, Daniel and {Green}, Daniel and
{Zaldarriaga}, Matias},
 doi = {10.1088/1475-7516/2014/08/056},
 eid = {056},
 eprint = {1402.5916},
 journal = {\jcap},
 keywords = {Astrophysics - Cosmology and Nongalactic Astrophysics, High Energy Physics - Theory},
 month = {Aug},
 number = {8},
 pages = {056},
 primaryclass = {astro-ph.CO},
 title = {{Renormalized halo bias}},
 volume = {2014},
 year = {2014}
}

@article{1507.05460,
 adsnote = {Provided by the SAO/NASA Astrophysics Data System},
 adsurl = {https://ui.adsabs.harvard.edu/abs/2016MNRAS.461.1431R},
 archiveprefix = {arXiv},
 author = {{Rozo}, E. and {Rykoff}, E.~S. and {Abate}, A. and {Bonnett}, C. and
{Crocce}, M. and {Davis}, C. and {Hoyle}, B. and {Leistedt}, B. and
{Peiris}, H.~V. and {Wechsler}, R.~H. and {Abbott}, T. and
{Abdalla}, F.~B. and {Banerji}, M. and {Bauer}, A.~H. and
{Benoit-L{\'e}vy}, A. and {Bernstein}, G.~M. and {Bertin}, E. and
{Brooks}, D. and {Buckley-Geer}, E. and {Burke}, D.~L. and
{Capozzi}, D. and {Rosell}, A. Carnero and {Carollo}, D. and
{Kind}, M. Carrasco and {Carretero}, J. and {Castander}, F.~J. and
{Childress}, M.~J. and {Cunha}, C.~E. and {D'Andrea}, C.~B. and
{Davis}, T. and {DePoy}, D.~L. and {Desai}, S. and {Diehl}, H.~T. and
{Dietrich}, J.~P. and {Doel}, P. and {Eifler}, T.~F. and
{Evrard}, A.~E. and {Neto}, A. Fausti and {Flaugher}, B. and
{Fosalba}, P. and {Frieman}, J. and {Gaztanaga}, E. and
{Gerdes}, D.~W. and {Glazebrook}, K. and {Gruen}, D. and
{Gruendl}, R.~A. and {Honscheid}, K. and {James}, D.~J. and
{Jarvis}, M. and {Kim}, A.~G. and {Kuehn}, K. and {Kuropatkin}, N. and
{Lahav}, O. and {Lidman}, C. and {Lima}, M. and {Maia}, M.~A.~G. and
{March}, M. and {Martini}, P. and {Melchior}, P. and {Miller}, C.~J. and
{Miquel}, R. and {Mohr}, J.~J. and {Nichol}, R.~C. and {Nord}, B. and
{O'Neill}, C.~R. and {Ogando}, R. and {Plazas}, A.~A. and
{Romer}, A.~K. and {Roodman}, A. and {Sako}, M. and {Sanchez}, E. and
{Santiago}, B. and {Schubnell}, M. and {Sevilla-Noarbe}, I. and
{Smith}, R.~C. and {Soares-Santos}, M. and {Sobreira}, F. and
{Suchyta}, E. and {Swanson}, M.~E.~C. and {Thaler}, J. and
{Thomas}, D. and {Uddin}, S. and {Vikram}, V. and {Walker}, A.~R. and
{Wester}, W. and {Zhang}, Y. and {da Costa}, L.~N.},
 doi = {10.1093/mnras/stw1281},
 eprint = {1507.05460},
 journal = {\mnras},
 keywords = {methods: statistical, techniques: photometric, galaxies: general, Astrophysics - Instrumentation and Methods for Astrophysics, Astrophysics - Cosmology and Nongalactic Astrophysics, Astrophysics - Astrophysics of Galaxies},
 month = {Sep},
 number = {2},
 pages = {1431-1450},
 primaryclass = {astro-ph.IM},
 title = {{redMaGiC: selecting luminous red galaxies from the DES Science Verification data}},
 volume = {461},
 year = {2016}
}

@article{1606.00180,
 adsnote = {Provided by the SAO/NASA Astrophysics Data System},
 adsurl = {https://ui.adsabs.harvard.edu/abs/2018LRR....21....2A},
 archiveprefix = {arXiv},
 author = {{Amendola}, Luca and {Appleby}, Stephen and {Avgoustidis}, Anastasios and
{Bacon}, David and {Baker}, Tessa and {Baldi}, Marco and
{Bartolo}, Nicola and {Blanchard}, Alain and {Bonvin}, Camille and
{Borgani}, Stefano and {Branchini}, Enzo and {Burrage}, Clare and
{Camera}, Stefano and {Carbone}, Carmelita and {Casarini}, Luciano and
{Cropper}, Mark and {de Rham}, Claudia and {Dietrich}, J{\"o}rg P. and
{Di Porto}, Cinzia and {Durrer}, Ruth and {Ealet}, Anne and
{Ferreira}, Pedro G. and {Finelli}, Fabio and
{Garc{\'\i}a-Bellido}, Juan and {Giannantonio}, Tommaso and
{Guzzo}, Luigi and {Heavens}, Alan and {Heisenberg}, Lavinia and
{Heymans}, Catherine and {Hoekstra}, Henk and {Hollenstein}, Lukas and
{Holmes}, Rory and {Hwang}, Zhiqi and {Jahnke}, Knud and
{Kitching}, Thomas D. and {Koivisto}, Tomi and {Kunz}, Martin and
{La Vacca}, Giuseppe and {Linder}, Eric and {March}, Marisa and
{Marra}, Valerio and {Martins}, Carlos and {Majerotto}, Elisabetta and
{Markovic}, Dida and {Marsh}, David and {Marulli}, Federico and
{Massey}, Richard and {Mellier}, Yannick and {Montanari}, Francesco and
{Mota}, David F. and {Nunes}, Nelson J. and {Percival}, Will and
{Pettorino}, Valeria and {Porciani}, Cristiano and
{Quercellini}, Claudia and {Read}, Justin and {Rinaldi}, Massimiliano and
{Sapone}, Domenico and {Sawicki}, Ignacy and {Scaramella}, Roberto and
{Skordis}, Constantinos and {Simpson}, Fergus and {Taylor}, Andy and
{Thomas}, Shaun and {Trotta}, Roberto and {Verde}, Licia and
{Vernizzi}, Filippo and {Vollmer}, Adrian and {Wang}, Yun and
{Weller}, Jochen and {Zlosnik}, Tom},
 doi = {10.1007/s41114-017-0010-3},
 eid = {2},
 eprint = {1606.00180},
 journal = {Living Reviews in Relativity},
 keywords = {Dark energy, Cosmology, Galaxy evolution, Astrophysics - Cosmology and Nongalactic Astrophysics},
 month = {Apr},
 number = {1},
 pages = {2},
 primaryclass = {astro-ph.CO},
 title = {{Cosmology and fundamental physics with the Euclid satellite}},
 volume = {21},
 year = {2018}
}

@article{1611.00036,
 adsnote = {Provided by the SAO/NASA Astrophysics Data System},
 adsurl = {https://ui.adsabs.harvard.edu/abs/2016arXiv161100036D},
 archiveprefix = {arXiv},
 author = {{DESI Collaboration} and {Aghamousa}, Amir and {Aguilar}, Jessica and
{Ahlen}, Steve and {Alam}, Shadab and {Allen}, Lori E. and
{Allende Prieto}, Carlos and {Annis}, James and {Bailey}, Stephen and
{Balland}, Christophe and et al.},
 eid = {arXiv:1611.00036},
 eprint = {1611.00036},
 journal = {arXiv e-prints},
 keywords = {Astrophysics - Instrumentation and Methods for Astrophysics, Astrophysics - Cosmology and Nongalactic Astrophysics},
 month = {Oct},
 pages = {arXiv:1611.00036},
 primaryclass = {astro-ph.IM},
 title = {{The DESI Experiment Part I: Science,Targeting, and Survey Design}},
 year = {2016}
}

@article{1611.07048,
 adsnote = {Provided by the SAO/NASA Astrophysics Data System},
 adsurl = {https://ui.adsabs.harvard.edu/abs/2018A&A...609A..84S},
 archiveprefix = {arXiv},
 author = {{Scodeggio}, M. and {Guzzo}, L. and {Garilli}, B. and {Granett}, B.~R. and
{Bolzonella}, M. and {de la Torre}, S. and {Abbas}, U. and {Adami}, C. and
{Arnouts}, S. and {Bottini}, D. and {Cappi}, A. and {Coupon}, J. and
{Cucciati}, O. and {Davidzon}, I. and {Franzetti}, P. and {Fritz}, A. and
{Iovino}, A. and {Krywult}, J. and {Le Brun}, V. and
{Le F{\`e}vre}, O. and {Maccagni}, D. and {Ma{\l}ek}, K. and
{Marchetti}, A. and {Marulli}, F. and {Polletta}, M. and {Pollo}, A. and
{Tasca}, L.~A.~M. and {Tojeiro}, R. and {Vergani}, D. and
{Zanichelli}, A. and {Bel}, J. and {Branchini}, E. and {De Lucia}, G. and
{Ilbert}, O. and {McCracken}, H.~J. and {Moutard}, T. and
{Peacock}, J.~A. and {Zamorani}, G. and {Burden}, A. and {Fumana}, M. and
{Jullo}, E. and {Marinoni}, C. and {Mellier}, Y. and {Moscardini}, L. and
{Percival}, W.~J.},
 doi = {10.1051/0004-6361/201630114},
 eid = {A84},
 eprint = {1611.07048},
 journal = {\aap},
 keywords = {cosmology: observations, large-scale structure of Universe, galaxies: distances and redshifts, galaxies: statistics, surveys, Astrophysics - Astrophysics of Galaxies},
 month = {Jan},
 pages = {A84},
 primaryclass = {astro-ph.GA},
 title = {{The VIMOS Public Extragalactic Redshift Survey (VIPERS). Full spectroscopic data and auxiliary information release (PDR-2)}},
 volume = {609},
 year = {2018}
}

@article{1611.09787,
 adsnote = {Provided by the SAO/NASA Astrophysics Data System},
 adsurl = {https://ui.adsabs.harvard.edu/abs/2018PhR...733....1D},
 archiveprefix = {arXiv},
 author = {{Desjacques}, Vincent and {Jeong}, Donghui and {Schmidt}, Fabian},
 doi = {10.1016/j.physrep.2017.12.002},
 eprint = {1611.09787},
 journal = {\physrep},
 keywords = {Cosmology, Dark matter, Galaxy bias, Galaxy clustering, Large-scale structure, Primordial non-Gaussianity, Astrophysics - Cosmology and Nongalactic Astrophysics, Astrophysics - Astrophysics of Galaxies, General Relativity and Quantum Cosmology, High Energy Physics - Phenomenology},
 month = {Feb},
 pages = {1-193},
 primaryclass = {astro-ph.CO},
 title = {{Large-scale galaxy bias}},
 volume = {733},
 year = {2018}
}

@article{1612.05645,
 adsnote = {Provided by the SAO/NASA Astrophysics Data System},
 adsurl = {https://ui.adsabs.harvard.edu/abs/2017A&A...604A..33P},
 archiveprefix = {arXiv},
 author = {{Pezzotta}, A. and {de la Torre}, S. and {Bel}, J. and {Granett}, B.~R. and
{Guzzo}, L. and {Peacock}, J.~A. and {Garilli}, B. and {Scodeggio}, M. and
{Bolzonella}, M. and {Abbas}, U. and {Adami}, C. and {Bottini}, D. and
{Cappi}, A. and {Cucciati}, O. and {Davidzon}, I. and {Franzetti}, P. and
{Fritz}, A. and {Iovino}, A. and {Krywult}, J. and {Le Brun}, V. and
{Le F{\`e}vre}, O. and {Maccagni}, D. and {Ma{\l}ek}, K. and
{Marulli}, F. and {Polletta}, M. and {Pollo}, A. and {Tasca}, L.~A.~M. and
{Tojeiro}, R. and {Vergani}, D. and {Zanichelli}, A. and {Arnouts}, S. and
{Branchini}, E. and {Coupon}, J. and {De Lucia}, G. and {Koda}, J. and
{Ilbert}, O. and {Mohammad}, F. and {Moutard}, T. and {Moscardini}, L.},
 doi = {10.1051/0004-6361/201630295},
 eid = {A33},
 eprint = {1612.05645},
 journal = {\aap},
 keywords = {cosmology: observations, large-scale structure of Universe, galaxies: high-redshift, galaxies: statistics, Astrophysics - Cosmology and Nongalactic Astrophysics},
 month = {Jul},
 pages = {A33},
 primaryclass = {astro-ph.CO},
 title = {{The VIMOS Public Extragalactic Redshift Survey (VIPERS). The growth of structure at 0.5 \&lt; z \&lt; 1.2 from redshift-space distortions in the clustering of the PDR-2 final sample}},
 volume = {604},
 year = {2017}
}

@article{1704.05858,
 adsnote = {Provided by the SAO/NASA Astrophysics Data System},
 adsurl = {https://ui.adsabs.harvard.edu/abs/2018PASJ...70S...4A},
 archiveprefix = {arXiv},
 author = {{Aihara}, Hiroaki and {Arimoto}, Nobuo and {Armstrong}, Robert and
{Arnouts}, St{\'e}phane and {Bahcall}, Neta A. and {Bickerton}, Steven and
{Bosch}, James and {Bundy}, Kevin and {Capak}, Peter L. and
{Chan}, James H.~H. and {Chiba}, Masashi and {Coupon}, Jean and
{Egami}, Eiichi and {Enoki}, Motohiro and {Finet}, Francois and
{Fujimori}, Hiroki and {Fujimoto}, Seiji and {Furusawa}, Hisanori and
{Furusawa}, Junko and {Goto}, Tomotsugu and {Goulding}, Andy and
{Greco}, Johnny P. and {Greene}, Jenny E. and {Gunn}, James E. and
{Hamana}, Takashi and {Harikane}, Yuichi and {Hashimoto}, Yasuhiro and
{Hattori}, Takashi and {Hayashi}, Masao and {Hayashi}, Yusuke and
{He{\l}miniak}, Krzysztof G. and {Higuchi}, Ryo and {Hikage}, Chiaki and
{Ho}, Paul T.~P. and {Hsieh}, Bau-Ching and {Huang}, Kuiyun and
{Huang}, Song and {Ikeda}, Hiroyuki and {Imanishi}, Masatoshi and
{Inoue}, Akio K. and {Iwasawa}, Kazushi and {Iwata}, Ikuru and
{Jaelani}, Anton T. and {Jian}, Hung-Yu and {Kamata}, Yukiko and
{Karoji}, Hiroshi and {Kashikawa}, Nobunari and {Katayama}, Nobuhiko and
{Kawanomoto}, Satoshi and {Kayo}, Issha and {Koda}, Jin and
{Koike}, Michitaro and {Kojima}, Takashi and {Komiyama}, Yutaka and
{Konno}, Akira and {Koshida}, Shintaro and {Koyama}, Yusei and
{Kusakabe}, Haruka and {Leauthaud}, Alexie and {Lee}, Chien-Hsiu and
{Lin}, Lihwai and {Lin}, Yen-Ting and {Lupton}, Robert H. and {Mand
elbaum}, Rachel and {Matsuoka}, Yoshiki and {Medezinski}, Elinor and
{Mineo}, Sogo and {Miyama}, Shoken and {Miyatake}, Hironao and
{Miyazaki}, Satoshi and {Momose}, Rieko and {More}, Anupreeta and
{More}, Surhud and {Moritani}, Yuki and {Moriya}, Takashi J. and
{Morokuma}, Tomoki and {Mukae}, Shiro and {Murata}, Ryoma and
{Murayama}, Hitoshi and {Nagao}, Tohru and {Nakata}, Fumiaki and
{Niida}, Mana and {Niikura}, Hiroko and {Nishizawa}, Atsushi J. and
{Obuchi}, Yoshiyuki and {Oguri}, Masamune and {Oishi}, Yukie and
{Okabe}, Nobuhiro and {Okamoto}, Sakurako and {Okura}, Yuki and
{Ono}, Yoshiaki and {Onodera}, Masato and {Onoue}, Masafusa and
{Osato}, Ken and {Ouchi}, Masami and {Price}, Paul A. and
{Pyo}, Tae-Soo and {Sako}, Masao and {Sawicki}, Marcin and
{Shibuya}, Takatoshi and {Shimasaku}, Kazuhiro and {Shimono}, Atsushi and
{Shirasaki}, Masato and {Silverman}, John D. and {Simet}, Melanie and
{Speagle}, Joshua and {Spergel}, David N. and {Strauss}, Michael A. and
{Sugahara}, Yuma and {Sugiyama}, Naoshi and {Suto}, Yasushi and
{Suyu}, Sherry H. and {Suzuki}, Nao and {Tait}, Philip J. and
{Takada}, Masahiro and {Takata}, Tadafumi and {Tamura}, Naoyuki and
{Tanaka}, Manobu M. and {Tanaka}, Masaomi and {Tanaka}, Masayuki and
{Tanaka}, Yoko and {Terai}, Tsuyoshi and {Terashima}, Yuichi and
{Toba}, Yoshiki and {Tominaga}, Nozomu and {Toshikawa}, Jun and
{Turner}, Edwin L. and {Uchida}, Tomohisa and {Uchiyama}, Hisakazu and
{Umetsu}, Keiichi and {Uraguchi}, Fumihiro and {Urata}, Yuji and
{Usuda}, Tomonori and {Utsumi}, Yousuke and {Wang}, Shiang-Yu and
{Wang}, Wei-Hao and {Wong}, Kenneth C. and {Yabe}, Kiyoto and
{Yamada}, Yoshihiko and {Yamanoi}, Hitomi and {Yasuda}, Naoki and
{Yeh}, Sherry and {Yonehara}, Atsunori and {Yuma}, Suraphong},
 doi = {10.1093/pasj/psx066},
 eid = {S4},
 eprint = {1704.05858},
 journal = {\pasj},
 keywords = {cosmology: observations, galaxies: general, large-scale structure of universe, surveys, Astrophysics - Instrumentation and Methods for Astrophysics},
 month = {Jan},
 pages = {S4},
 primaryclass = {astro-ph.IM},
 title = {{The Hyper Suprime-Cam SSP Survey: Overview and survey design}},
 volume = {70},
 year = {2018}
}

@article{1705.03388,
 adsnote = {Provided by the SAO/NASA Astrophysics Data System},
 adsurl = {https://ui.adsabs.harvard.edu/abs/2017ApJ...847...50L},
 archiveprefix = {arXiv},
 author = {{Lawrence}, Earl and {Heitmann}, Katrin and {Kwan}, Juliana and
{Upadhye}, Amol and {Bingham}, Derek and {Habib}, Salman and
{Higdon}, David and {Pope}, Adrian and {Finkel}, Hal and
{Frontiere}, Nicholas},
 doi = {10.3847/1538-4357/aa86a9},
 eid = {50},
 eprint = {1705.03388},
 journal = {\apj},
 keywords = {dark energy, large-scale structure of universe, Astrophysics - Cosmology and Nongalactic Astrophysics},
 month = {Sep},
 number = {1},
 pages = {50},
 primaryclass = {astro-ph.CO},
 title = {{The Mira-Titan Universe. II. Matter Power Spectrum Emulation}},
 volume = {847},
 year = {2017}
}

@article{1705.06766,
 adsnote = {Provided by the SAO/NASA Astrophysics Data System},
 adsurl = {https://ui.adsabs.harvard.edu/abs/2018PASJ...70S...5B},
 archiveprefix = {arXiv},
 author = {{Bosch}, James and {Armstrong}, Robert and {Bickerton}, Steven and
{Furusawa}, Hisanori and {Ikeda}, Hiroyuki and {Koike}, Michitaro and
{Lupton}, Robert and {Mineo}, Sogo and {Price}, Paul and
{Takata}, Tadafumi and {Tanaka}, Masayuki and {Yasuda}, Naoki and
{AlSayyad}, Yusra and {Becker}, Andrew C. and {Coulton}, William and
{Coupon}, Jean and {Garmilla}, Jose and {Huang}, Song and
{Krughoff}, K. Simon and {Lang}, Dustin and {Leauthaud}, Alexie and
{Lim}, Kian-Tat and {Lust}, Nate B. and {MacArthur}, Lauren A. and {Mand
elbaum}, Rachel and {Miyatake}, Hironao and {Miyazaki}, Satoshi and
{Murata}, Ryoma and {More}, Surhud and {Okura}, Yuki and
{Owen}, Russell and {Swinbank}, John D. and {Strauss}, Michael A. and
{Yamada}, Yoshihiko and {Yamanoi}, Hitomi},
 doi = {10.1093/pasj/psx080},
 eid = {S5},
 eprint = {1705.06766},
 journal = {\pasj},
 keywords = {methods: data analysis, surveys, techniques: image processing, Astrophysics - Instrumentation and Methods for Astrophysics},
 month = {Jan},
 pages = {S5},
 primaryclass = {astro-ph.IM},
 title = {{The Hyper Suprime-Cam software pipeline}},
 volume = {70},
 year = {2018}
}

@article{1707.09322,
 adsnote = {Provided by the SAO/NASA Astrophysics Data System},
 adsurl = {https://ui.adsabs.harvard.edu/abs/2018ApJS..235...42A},
 archiveprefix = {arXiv},
 author = {{Abolfathi}, Bela and {Aguado}, D.~S. and {Aguilar}, Gabriela and
{Allende Prieto}, Carlos and {Almeida}, Andres and
{Ananna}, Tonima Tasnim and {Anders}, Friedrich and
{Anderson}, Scott F. and {Andrews}, Brett H. and {Anguiano}, Borja and
et al.},
 doi = {10.3847/1538-4365/aa9e8a},
 eid = {42},
 eprint = {1707.09322},
 journal = {\apjs},
 keywords = {atlases, catalogs, surveys, Astrophysics - Astrophysics of Galaxies, Astrophysics - Instrumentation and Methods for Astrophysics},
 month = {Apr},
 number = {2},
 pages = {42},
 primaryclass = {astro-ph.GA},
 title = {{The Fourteenth Data Release of the Sloan Digital Sky Survey: First Spectroscopic Data from the Extended Baryon Oscillation Spectroscopic Survey and from the Second Phase of the Apache Point Observatory Galactic Evolution Experiment}},
 volume = {235},
 year = {2018}
}

@article{1708.00026,
 adsnote = {Provided by the SAO/NASA Astrophysics Data System},
 adsurl = {https://ui.adsabs.harvard.edu/abs/2018A&A...610A..59M},
 archiveprefix = {arXiv},
 author = {{Mohammad}, F.~G. and {Granett}, B.~R. and {Guzzo}, L. and {Bel}, J. and
{Branchini}, E. and {de la Torre}, S. and {Moscardini}, L. and
{Peacock}, J.~A. and {Bolzonella}, M. and {Garilli}, B. and
{Scodeggio}, M. and {Abbas}, U. and {Adami}, C. and {Bottini}, D. and
{Cappi}, A. and {Cucciati}, O. and {Davidzon}, I. and {Franzetti}, P. and
{Fritz}, A. and {Iovino}, A. and {Krywult}, J. and {Le Brun}, V. and
{Le F{\`e}vre}, O. and {Maccagni}, D. and {Ma{\l}ek}, K. and
{Marulli}, F. and {Polletta}, M. and {Pollo}, A. and {Tasca}, L.~A.~M. and
{Tojeiro}, R. and {Vergani}, D. and {Zanichelli}, A. and {Arnouts}, S. and
{Coupon}, J. and {De Lucia}, G. and {Ilbert}, O. and {Moutard}, T.},
 doi = {10.1051/0004-6361/201731685},
 eid = {A59},
 eprint = {1708.00026},
 journal = {\aap},
 keywords = {cosmology: observations, large-scale structure of Universe, galaxies: high-redshift, galaxies: statistics, Astrophysics - Cosmology and Nongalactic Astrophysics},
 month = {Feb},
 pages = {A59},
 primaryclass = {astro-ph.CO},
 title = {{The VIMOS Public Extragalactic Redshift Survey (VIPERS). An unbiased estimate of the growth rate of structure at ⟨z⟩ = 0.85 using the clustering of luminous blue galaxies}},
 volume = {610},
 year = {2018}
}

@article{1708.01530,
 adsnote = {Provided by the SAO/NASA Astrophysics Data System},
 adsurl = {https://ui.adsabs.harvard.edu/abs/2018PhRvD..98d3526A},
 archiveprefix = {arXiv},
 author = {{Abbott}, T.~M.~C. and {Abdalla}, F.~B. and {Alarcon}, A. and
{Aleksi{\'c}}, J. and {Allam}, S. and {Allen}, S. and {Amara}, A. and
{Annis}, J. and {Asorey}, J. and {Avila}, S. and et al.},
 doi = {10.1103/PhysRevD.98.043526},
 eid = {043526},
 eprint = {1708.01530},
 journal = {\prd},
 keywords = {Astrophysics - Cosmology and Nongalactic Astrophysics},
 month = {Aug},
 number = {4},
 pages = {043526},
 primaryclass = {astro-ph.CO},
 title = {{Dark Energy Survey year 1 results: Cosmological constraints from galaxy clustering and weak lensing}},
 volume = {98},
 year = {2018}
}

@article{1708.01531,
 adsnote = {Provided by the SAO/NASA Astrophysics Data System},
 adsurl = {https://ui.adsabs.harvard.edu/abs/2018ApJS..235...33D},
 archiveprefix = {arXiv},
 author = {{Drlica-Wagner}, A. and {Sevilla-Noarbe}, I. and {Rykoff}, E.~S. and
{Gruendl}, R.~A. and {Yanny}, B. and {Tucker}, D.~L. and {Hoyle}, B. and
{Carnero Rosell}, A. and {Bernstein}, G.~M. and {Bechtol}, K. and
{Becker}, M.~R. and {Benoit-L{\'e}vy}, A. and {Bertin}, E. and
{Carrasco Kind}, M. and {Davis}, C. and {de Vicente}, J. and
{Diehl}, H.~T. and {Gruen}, D. and {Hartley}, W.~G. and {Leistedt}, B. and
{Li}, T.~S. and {Marshall}, J.~L. and {Neilsen}, E. and {Rau}, M.~M. and
{Sheldon}, E. and {Smith}, J. and {Troxel}, M.~A. and {Wyatt}, S. and
{Zhang}, Y. and {Abbott}, T.~M.~C. and {Abdalla}, F.~B. and
{Allam}, S. and {Banerji}, M. and {Brooks}, D. and {Buckley-Geer}, E. and
{Burke}, D.~L. and {Capozzi}, D. and {Carretero}, J. and
{Cunha}, C.~E. and {D'Andrea}, C.~B. and {da Costa}, L.~N. and
{DePoy}, D.~L. and {Desai}, S. and {Dietrich}, J.~P. and {Doel}, P. and
{Evrard}, A.~E. and {Fausti Neto}, A. and {Flaugher}, B. and
{Fosalba}, P. and {Frieman}, J. and {Garc{\'\i}a-Bellido}, J. and
{Gerdes}, D.~W. and {Giannantonio}, T. and {Gschwend}, J. and
{Gutierrez}, G. and {Honscheid}, K. and {James}, D.~J. and
{Jeltema}, T. and {Kuehn}, K. and {Kuhlmann}, S. and {Kuropatkin}, N. and
{Lahav}, O. and {Lima}, M. and {Lin}, H. and {Maia}, M.~A.~G. and
{Martini}, P. and {McMahon}, R.~G. and {Melchior}, P. and
{Menanteau}, F. and {Miquel}, R. and {Nichol}, R.~C. and {Ogand
o}, R.~L.~C. and {Plazas}, A.~A. and {Romer}, A.~K. and {Roodman}, A. and
{Sanchez}, E. and {Scarpine}, V. and {Schindler}, R. and
{Schubnell}, M. and {Smith}, M. and {Smith}, R.~C. and
{Soares-Santos}, M. and {Sobreira}, F. and {Suchyta}, E. and
{Tarle}, G. and {Vikram}, V. and {Walker}, A.~R. and {Wechsler}, R.~H. and
{Zuntz}, J. and {DES Collaboration}},
 doi = {10.3847/1538-4365/aab4f5},
 eid = {33},
 eprint = {1708.01531},
 journal = {\apjs},
 keywords = {catalogs, cosmology: observations, surveys, techniques: image processing, techniques: photometric, Astrophysics - Cosmology and Nongalactic Astrophysics, Astrophysics - Instrumentation and Methods for Astrophysics},
 month = {Apr},
 number = {2},
 pages = {33},
 primaryclass = {astro-ph.CO},
 title = {{Dark Energy Survey Year 1 Results: The Photometric Data Set for Cosmology}},
 volume = {235},
 year = {2018}
}

@article{1708.01533,
 adsnote = {Provided by the SAO/NASA Astrophysics Data System},
 adsurl = {https://ui.adsabs.harvard.edu/abs/2018MNRAS.481.1149Z},
 archiveprefix = {arXiv},
 author = {{Zuntz}, J. and {Sheldon}, E. and {Samuroff}, S. and {Troxel}, M.~A. and
{Jarvis}, M. and {MacCrann}, N. and {Gruen}, D. and {Prat}, J. and
{S{\'a}nchez}, C. and {Choi}, A. and {Bridle}, S.~L. and
{Bernstein}, G.~M. and {Dodelson}, S. and {Drlica-Wagner}, A. and
{Fang}, Y. and {Gruendl}, R.~A. and {Hoyle}, B. and {Huff}, E.~M. and
{Jain}, B. and {Kirk}, D. and {Kacprzak}, T. and {Krawiec}, C. and
{Plazas}, A.~A. and {Rollins}, R.~P. and {Rykoff}, E.~S. and
{Sevilla-Noarbe}, I. and {Soergel}, B. and {Varga}, T.~N. and
{Abbott}, T.~M.~C. and {Abdalla}, F.~B. and {Allam}, S. and
{Annis}, J. and {Bechtol}, K. and {Benoit-L{\'e}vy}, A. and
{Bertin}, E. and {Buckley-Geer}, E. and {Burke}, D.~L. and
{Carnero Rosell}, A. and {Carrasco Kind}, M. and {Carretero}, J. and
{Castander}, F.~J. and {Crocce}, M. and {Cunha}, C.~E. and
{D'Andrea}, C.~B. and {da Costa}, L.~N. and {Davis}, C. and
{Desai}, S. and {Diehl}, H.~T. and {Dietrich}, J.~P. and {Doel}, P. and
{Eifler}, T.~F. and {Estrada}, J. and {Evrard}, A.~E. and
{Fausti Neto}, A. and {Fernandez}, E. and {Flaugher}, B. and
{Fosalba}, P. and {Frieman}, J. and {Garc{\'\i}a-Bellido}, J. and
{Gaztanaga}, E. and {Gerdes}, D.~W. and {Giannantonio}, T. and
{Gschwend}, J. and {Gutierrez}, G. and {Hartley}, W.~G. and
{Honscheid}, K. and {James}, D.~J. and {Jeltema}, T. and
{Johnson}, M.~W.~G. and {Johnson}, M.~D. and {Kuehn}, K. and
{Kuhlmann}, S. and {Kuropatkin}, N. and {Lahav}, O. and {Li}, T.~S. and
{Lima}, M. and {Maia}, M.~A.~G. and {March}, M. and {Martini}, P. and
{Melchior}, P. and {Menanteau}, F. and {Miller}, C.~J. and
{Miquel}, R. and {Mohr}, J.~J. and {Neilsen}, E. and {Nichol}, R.~C. and
{Ogando}, R.~L.~C. and {Roe}, N. and {Romer}, A.~K. and {Roodman}, A. and
{Sanchez}, E. and {Scarpine}, V. and {Schindler}, R. and
{Schubnell}, M. and {Smith}, M. and {Smith}, R.~C. and
{Soares-Santos}, M. and {Sobreira}, F. and {Suchyta}, E. and
{Swanson}, M.~E.~C. and {Tarle}, G. and {Thomas}, D. and
{Tucker}, D.~L. and {Vikram}, V. and {Walker}, A.~R. and
{Wechsler}, R.~H. and {Zhang}, Y. and {DES Collaboration}},
 doi = {10.1093/mnras/sty2219},
 eprint = {1708.01533},
 journal = {\mnras},
 keywords = {gravitational lensing: weak, methods: data analysis, techniques: image processing, catalogues, surveys, cosmology: observations, Astrophysics - Cosmology and Nongalactic Astrophysics},
 month = {Nov},
 number = {1},
 pages = {1149-1182},
 primaryclass = {astro-ph.CO},
 title = {{Dark Energy Survey Year 1 results: weak lensing shape catalogues}},
 volume = {481},
 year = {2018}
}

@article{1708.01536,
 adsnote = {Provided by the SAO/NASA Astrophysics Data System},
 adsurl = {https://ui.adsabs.harvard.edu/abs/2018PhRvD..98d2006E},
 archiveprefix = {arXiv},
 author = {{Elvin-Poole}, J. and {Crocce}, M. and {Ross}, A.~J. and
{Giannantonio}, T. and {Rozo}, E. and {Rykoff}, E.~S. and {Avila}, S. and
{Banik}, N. and {Blazek}, J. and {Bridle}, S.~L. and {Cawthon}, R. and
{Drlica-Wagner}, A. and {Friedrich}, O. and {Kokron}, N. and
{Krause}, E. and {MacCrann}, N. and {Prat}, J. and {S{\'a}nchez}, C. and
{Secco}, L.~F. and {Sevilla-Noarbe}, I. and {Troxel}, M.~A. and
{Abbott}, T.~M.~C. and {Abdalla}, F.~B. and {Allam}, S. and
{Annis}, J. and {Asorey}, J. and {Bechtol}, K. and {Becker}, M.~R. and
{Benoit-L{\'e}vy}, A. and {Bernstein}, G.~M. and {Bertin}, E. and
{Brooks}, D. and {Buckley-Geer}, E. and {Burke}, D.~L. and
{Carnero Rosell}, A. and {Carollo}, D. and {Carrasco Kind}, M. and
{Carretero}, J. and {Castander}, F.~J. and {Cunha}, C.~E. and
{D'Andrea}, C.~B. and {da Costa}, L.~N. and {Davis}, T.~M. and
{Davis}, C. and {Desai}, S. and {Diehl}, H.~T. and {Dietrich}, J.~P. and
{Dodelson}, S. and {Doel}, P. and {Eifler}, T.~F. and {Evrard}, A.~E. and
{Fernandez}, E. and {Flaugher}, B. and {Fosalba}, P. and {Frieman}, J. and
{Garc{\'\i}a-Bellido}, J. and {Gaztanaga}, E. and {Gerdes}, D.~W. and
{Glazebrook}, K. and {Gruen}, D. and {Gruendl}, R.~A. and
{Gschwend}, J. and {Gutierrez}, G. and {Hartley}, W.~G. and
{Hinton}, S.~R. and {Honscheid}, K. and {Hoormann}, J.~K. and
{Jain}, B. and {James}, D.~J. and {Jarvis}, M. and {Jeltema}, T. and
{Johnson}, M.~W.~G. and {Johnson}, M.~D. and {King}, A. and
{Kuehn}, K. and {Kuhlmann}, S. and {Kuropatkin}, N. and {Lahav}, O. and
{Lewis}, G. and {Li}, T.~S. and {Lidman}, C. and {Lima}, M. and
{Lin}, H. and {Macaulay}, E. and {March}, M. and {Marshall}, J.~L. and
{Martini}, P. and {Melchior}, P. and {Menanteau}, F. and {Miquel}, R. and
{Mohr}, J.~J. and {M{\"o}ller}, A. and {Nichol}, R.~C. and {Nord}, B. and
{O'Neill}, C.~R. and {Percival}, W.~J. and {Petravick}, D. and
{Plazas}, A.~A. and {Romer}, A.~K. and {Sako}, M. and {Sanchez}, E. and
{Scarpine}, V. and {Schindler}, R. and {Schubnell}, M. and
{Sheldon}, E. and {Smith}, M. and {Smith}, R.~C. and
{Soares-Santos}, M. and {Sobreira}, F. and {Sommer}, N.~E. and
{Suchyta}, E. and {Swanson}, M.~E.~C. and {Tarle}, G. and {Thomas}, D. and
{Tucker}, B.~E. and {Tucker}, D.~L. and {Uddin}, S.~A. and
{Vikram}, V. and {Walker}, A.~R. and {Wechsler}, R.~H. and
{Weller}, J. and {Wester}, W. and {Wolf}, R.~C. and {Yuan}, F. and
{Zhang}, B. and {Zuntz}, J. and {DES Collaboration}},
 doi = {10.1103/PhysRevD.98.042006},
 eid = {042006},
 eprint = {1708.01536},
 journal = {\prd},
 keywords = {Astrophysics - Cosmology and Nongalactic Astrophysics},
 month = {Aug},
 number = {4},
 pages = {042006},
 primaryclass = {astro-ph.CO},
 title = {{Dark Energy Survey year 1 results: Galaxy clustering for combined probes}},
 volume = {98},
 year = {2018}
}

@article{1712.08064,
 adsnote = {Provided by the SAO/NASA Astrophysics Data System},
 adsurl = {https://ui.adsabs.harvard.edu/abs/2018ApJ...863..110B},
 archiveprefix = {arXiv},
 author = {{Bautista}, Julian E. and {Vargas-Maga{\~n}a}, Mariana and
{Dawson}, Kyle S. and {Percival}, Will J. and {Brinkmann}, Jonathan and
{Brownstein}, Joel and {Camacho}, Benjamin and {Comparat}, Johan and
{Gil-Mar{\'\i}n}, Hector and {Mueller}, Eva-Maria and
{Newman}, Jeffrey A. and {Prakash}, Abhishek and {Ross}, Ashley J. and
{Schneider}, Donald P. and {Seo}, Hee-Jong and {Tinker}, Jeremy and
{Tojeiro}, Rita and {Zhai}, Zhongxu and {Zhao}, Gong-Bo},
 doi = {10.3847/1538-4357/aacea5},
 eid = {110},
 eprint = {1712.08064},
 journal = {\apj},
 keywords = {distance scale, large-scale structure of universe, Astrophysics - Cosmology and Nongalactic Astrophysics},
 month = {Aug},
 number = {1},
 pages = {110},
 primaryclass = {astro-ph.CO},
 title = {{The SDSS-IV Extended Baryon Oscillation Spectroscopic Survey: Baryon Acoustic Oscillations at Redshift of 0.72 with the DR14 Luminous Red Galaxy Sample}},
 volume = {863},
 year = {2018}
}

@article{1801.02689,
 adsnote = {Provided by the SAO/NASA Astrophysics Data System},
 adsurl = {https://ui.adsabs.harvard.edu/abs/2018MNRAS.477.1604G},
 archiveprefix = {arXiv},
 author = {{Gil-Mar{\'\i}n}, H{\'e}ctor and {Guy}, Julien and {Zarrouk}, Pauline and
{Burtin}, Etienne and {Chuang}, Chia-Hsun and {Percival}, Will J. and
{Ross}, Ashley J. and {Ruggeri}, Rossana and {Tojerio}, Rita and
{Zhao}, Gong-Bo and {Wang}, Yuting and {Bautista}, Julian and
{Hou}, Jiamin and {S{\'a}nchez}, Ariel G. and {P{\^a}ris}, Isabelle and
{Baumgarten}, Falk and {Brownstein}, Joel R. and {Dawson}, Kyle S. and
{Eftekharzadeh}, Sarah and {Gonz{\'a}lez-P{\'e}rez}, Violeta and
{Habib}, Salman and {Heitmann}, Katrin and {Myers}, Adam D. and
{Rossi}, Graziano and {Schneider}, Donald P. and {Seo}, Hee-Jong and
{Tinker}, Jeremy L. and {Zhao}, Cheng},
 doi = {10.1093/mnras/sty453},
 eprint = {1801.02689},
 journal = {\mnras},
 keywords = {cosmological parameters, large-scale structure of Universe, Astrophysics - Cosmology and Nongalactic Astrophysics},
 month = {Jun},
 number = {2},
 pages = {1604-1638},
 primaryclass = {astro-ph.CO},
 title = {{The clustering of the SDSS-IV extended Baryon Oscillation Spectroscopic Survey DR14 quasar sample: structure growth rate measurement from the anisotropic quasar power spectrum in the redshift range 0.8 \&lt; z \&lt; 2.2}},
 volume = {477},
 year = {2018}
}

@article{1801.02891,
 adsnote = {Provided by the SAO/NASA Astrophysics Data System},
 adsurl = {https://ui.adsabs.harvard.edu/abs/2019MNRAS.483.3878R},
 archiveprefix = {arXiv},
 author = {{Ruggeri}, Rossana and {Percival}, Will J. and
{Gil-Mar{\'\i}n}, H{\'e}ctor and {Beutler}, Florian and
{Mueller}, Eva-Maria and {Zhu}, Fangzhou and {Padmanabhan}, Nikhil and
{Zhao}, Gong-Bo and {Zarrouk}, Pauline and {S{\'a}nchez}, Ariel G. and
{Bautista}, Julian and {Brinkmann}, Jonathan and {Brownstein}, Joel R. and
{Baumgarten}, Falk and {Chuang}, Chia-Hsun and {Dawson}, Kyle and
{Seo}, Hee-Jong and {Tojeiro}, Rita and {Zhao}, Cheng},
 doi = {10.1093/mnras/sty3395},
 eprint = {1801.02891},
 journal = {\mnras},
 keywords = {cosmology: observations, dark energy, dark matter, large-scale structure of Universe, Astrophysics - Cosmology and Nongalactic Astrophysics},
 month = {Mar},
 number = {3},
 pages = {3878-3887},
 primaryclass = {astro-ph.CO},
 title = {{The clustering of the SDSS-IV extended Baryon Oscillation Spectroscopic Survey DR14 quasar sample: measuring the evolution of the growth rate using redshift-space distortions between redshift 0.8 and 2.2}},
 volume = {483},
 year = {2019}
}

@article{1801.03038,
 adsnote = {Provided by the SAO/NASA Astrophysics Data System},
 adsurl = {https://ui.adsabs.harvard.edu/abs/2018MNRAS.480.1096Z},
 archiveprefix = {arXiv},
 author = {{Zhu}, Fangzhou and {Padmanabhan}, Nikhil and {Ross}, Ashley J. and
{White}, Martin and {Percival}, Will J. and {Ruggeri}, Rossana and
{Zhao}, Gong-bo and {Wang}, Dandan and {Mueller}, Eva-Maria and
{Burtin}, Etienne and {Gil-Mar{\'\i}n}, H{\'e}ctor and
{Bautista}, Julian and {Beutler}, Florian and {Brinkmann}, Jonathan and
{Brownstein}, Joel R. and {Dawson}, Kyle and {de la Macorra}, Axel and
{Rossi}, Graziano and {Schneider}, Donald P. and {Tojeiro}, Rita and
{Wang}, Yuting},
 doi = {10.1093/mnras/sty1955},
 eprint = {1801.03038},
 journal = {\mnras},
 keywords = {dark energy, distance scale, cosmology: observations, Astrophysics - Cosmology and Nongalactic Astrophysics},
 month = {Oct},
 number = {1},
 pages = {1096-1105},
 primaryclass = {astro-ph.CO},
 title = {{The clustering of theSDSS-IV extended Baryon Oscillation Spectroscopic Survey DR14 quasar sample: measuring the anisotropic baryon acoustic oscillations with redshift weights}},
 volume = {480},
 year = {2018}
}

@article{1804.05865,
 adsnote = {Provided by the SAO/NASA Astrophysics Data System},
 adsurl = {https://ui.adsabs.harvard.edu/abs/2019ApJ...875...69D},
 archiveprefix = {arXiv},
 author = {{DeRose}, Joseph and {Wechsler}, Risa H. and {Tinker}, Jeremy L. and
{Becker}, Matthew R. and {Mao}, Yao-Yuan and {McClintock}, Thomas and
{McLaughlin}, Sean and {Rozo}, Eduardo and {Zhai}, Zhongxu},
 doi = {10.3847/1538-4357/ab1085},
 eid = {69},
 eprint = {1804.05865},
 journal = {\apj},
 keywords = {large-scale structure of universe, methods: numerical, methods: statistical, Astrophysics - Cosmology and Nongalactic Astrophysics, Astrophysics - Astrophysics of Galaxies},
 month = {Apr},
 number = {1},
 pages = {69},
 primaryclass = {astro-ph.CO},
 title = {{The AEMULUS Project. I. Numerical Simulations for Precision Cosmology}},
 volume = {875},
 year = {2019}
}

@article{1807.06209,
 adsnote = {Provided by the SAO/NASA Astrophysics Data System},
 adsurl = {https://ui.adsabs.harvard.edu/abs/2018arXiv180706209P},
 archiveprefix = {arXiv},
 author = {{Planck Collaboration} and {Aghanim}, N. and {Akrami}, Y. and
{Ashdown}, M. and {Aumont}, J. and {Baccigalupi}, C. and
{Ballardini}, M. and {Banday}, A.~J. and {Barreiro}, R.~B. and
{Bartolo}, N. and {Basak}, S. and {Battye}, R. and {Benabed}, K. and
{Bernard}, J. -P. and {Bersanelli}, M. and {Bielewicz}, P. and
{Bock}, J.~J. and {Bond}, J.~R. and {Borrill}, J. and {Bouchet}, F.~R. and
{Boulanger}, F. and {Bucher}, M. and {Burigana}, C. and
{Butler}, R.~C. and {Calabrese}, E. and {Cardoso}, J. -F. and
{Carron}, J. and {Challinor}, A. and {Chiang}, H.~C. and {Chluba}, J. and
{Colombo}, L.~P.~L. and {Combet}, C. and {Contreras}, D. and
{Crill}, B.~P. and {Cuttaia}, F. and {de Bernardis}, P. and
{de Zotti}, G. and {Delabrouille}, J. and {Delouis}, J. -M. and
{Di Valentino}, E. and {Diego}, J.~M. and {Dor{\'e}}, O. and
{Douspis}, M. and {Ducout}, A. and {Dupac}, X. and {Dusini}, S. and
{Efstathiou}, G. and {Elsner}, F. and {En{\ss}lin}, T.~A. and
{Eriksen}, H.~K. and {Fantaye}, Y. and {Farhang}, M. and
{Fergusson}, J. and {Fernandez-Cobos}, R. and {Finelli}, F. and
{Forastieri}, F. and {Frailis}, M. and {Fraisse}, A.~A. and
{Franceschi}, E. and {Frolov}, A. and {Galeotta}, S. and {Galli}, S. and
{Ganga}, K. and {G{\'e}nova-Santos}, R.~T. and {Gerbino}, M. and
{Ghosh}, T. and {Gonz{\'a}lez-Nuevo}, J. and {G{\'o}rski}, K.~M. and
{Gratton}, S. and {Gruppuso}, A. and {Gudmundsson}, J.~E. and
{Hamann}, J. and {Handley}, W. and {Hansen}, F.~K. and {Herranz}, D. and
{Hildebrandt}, S.~R. and {Hivon}, E. and {Huang}, Z. and
{Jaffe}, A.~H. and {Jones}, W.~C. and {Karakci}, A. and
{Keih{\"a}nen}, E. and {Keskitalo}, R. and {Kiiveri}, K. and {Kim}, J. and
{Kisner}, T.~S. and {Knox}, L. and {Krachmalnicoff}, N. and {Kunz}, M. and
{Kurki-Suonio}, H. and {Lagache}, G. and {Lamarre}, J. -M. and
{Lasenby}, A. and {Lattanzi}, M. and {Lawrence}, C.~R. and
{Le Jeune}, M. and {Lemos}, P. and {Lesgourgues}, J. and {Levrier}, F. and
{Lewis}, A. and {Liguori}, M. and {Lilje}, P.~B. and {Lilley}, M. and
{Lindholm}, V. and {L{\'o}pez-Caniego}, M. and {Lubin}, P.~M. and
{Ma}, Y. -Z. and {Mac{\'\i}as-P{\'e}rez}, J.~F. and {Maggio}, G. and
{Maino}, D. and {Mandolesi}, N. and {Mangilli}, A. and
{Marcos-Caballero}, A. and {Maris}, M. and {Martin}, P.~G. and
{Martinelli}, M. and {Mart{\'\i}nez-Gonz{\'a}lez}, E. and
{Matarrese}, S. and {Mauri}, N. and {McEwen}, J.~D. and
{Meinhold}, P.~R. and {Melchiorri}, A. and {Mennella}, A. and
{Migliaccio}, M. and {Millea}, M. and {Mitra}, S. and
{Miville-Desch{\^e}nes}, M. -A. and {Molinari}, D. and {Montier}, L. and
{Morgante}, G. and {Moss}, A. and {Natoli}, P. and
{N{\o}rgaard-Nielsen}, H.~U. and {Pagano}, L. and {Paoletti}, D. and
{Partridge}, B. and {Patanchon}, G. and {Peiris}, H.~V. and
{Perrotta}, F. and {Pettorino}, V. and {Piacentini}, F. and
{Polastri}, L. and {Polenta}, G. and {Puget}, J. -L. and
{Rachen}, J.~P. and {Reinecke}, M. and {Remazeilles}, M. and
{Renzi}, A. and {Rocha}, G. and {Rosset}, C. and {Roudier}, G. and
{Rubi{\~n}o-Mart{\'\i}n}, J.~A. and {Ruiz-Granados}, B. and
{Salvati}, L. and {Sandri}, M. and {Savelainen}, M. and {Scott}, D. and
{Shellard}, E.~P.~S. and {Sirignano}, C. and {Sirri}, G. and
{Spencer}, L.~D. and {Sunyaev}, R. and {Suur-Uski}, A. -S. and
{Tauber}, J.~A. and {Tavagnacco}, D. and {Tenti}, M. and
{Toffolatti}, L. and {Tomasi}, M. and {Trombetti}, T. and
{Valenziano}, L. and {Valiviita}, J. and {Van Tent}, B. and
{Vibert}, L. and {Vielva}, P. and {Villa}, F. and {Vittorio}, N. and {Wand
elt}, B.~D. and {Wehus}, I.~K. and {White}, M. and {White}, S.~D.~M. and
{Zacchei}, A. and {Zonca}, A.},
 eid = {arXiv:1807.06209},
 eprint = {1807.06209},
 journal = {arXiv e-prints},
 keywords = {Astrophysics - Cosmology and Nongalactic Astrophysics},
 month = {Jul},
 pages = {arXiv:1807.06209},
 primaryclass = {astro-ph.CO},
 title = {{Planck 2018 results. VI. Cosmological parameters}},
 year = {2018}
}

@article{1807.10163,
 adsnote = {Provided by the SAO/NASA Astrophysics Data System},
 adsurl = {https://ui.adsabs.harvard.edu/abs/2019MNRAS.487.3870C},
 archiveprefix = {arXiv},
 author = {{Camacho}, H. and {Kokron}, N. and {Andrade-Oliveira}, F. and
{Rosenfeld}, R. and {Lima}, M. and {Lacasa}, F. and {Sobreira}, F. and
{da Costa}, L.~N. and {Avila}, S. and {Chan}, K.~C. and {Crocce}, M. and
{Ross}, A.~J. and {Troja}, A. and {Garc{\'\i}a-Bellido}, J. and
{Abbott}, T.~M.~C. and {Abdalla}, F.~B. and {Allam}, S. and
{Annis}, J. and {Bernstein}, R.~A. and {Bertin}, E. and
{Bridle}, S.~L. and {Brooks}, D. and {Buckley-Geer}, E. and
{Burke}, D.~L. and {Carnero Rosell}, A. and {Carrasco Kind}, M. and
{Carretero}, J. and {Castander}, F.~J. and {Cawthon}, R. and
{Cunha}, C.~E. and {D'Andrea}, C.~B. and {De Vicente}, J. and
{Desai}, S. and {Diehl}, H.~T. and {Doel}, P. and {Estrada}, J. and
{Evrard}, A.~E. and {Flaugher}, B. and {Fosalba}, P. and {Frieman}, J. and
{Gerdes}, D.~W. and {Giannantonio}, T. and {Gruendl}, R.~A. and
{Gschwend}, J. and {Gutierrez}, G. and {Hollowood}, D.~L. and
{Honscheid}, K. and {Hoyle}, B. and {James}, D.~J. and
{Johnson}, M.~W.~G. and {Johnson}, M.~D. and {Kent}, S. and {Kirk}, D. and
{Krause}, E. and {Kuehn}, K. and {Kuropatkin}, N. and {Lin}, H. and
{Marshall}, J.~L. and {Miquel}, R. and {Percival}, W.~J. and
{Plazas}, A.~A. and {Romer}, A.~K. and {Roodman}, A. and {Sanchez}, E. and
{Schubnell}, M. and {Sevilla-Noarbe}, I. and {Smith}, M. and
{Smith}, R.~C. and {Soares-Santos}, M. and {Suchyta}, E. and
{Swanson}, M.~E.~C. and {Tarle}, G. and {Thomas}, D. and
{Tucker}, D.~L. and {Walker}, A.~R. and {Zuntz}, J. and
{DES Collaboration}},
 doi = {10.1093/mnras/stz1514},
 eprint = {1807.10163},
 journal = {\mnras},
 keywords = {cosmology: observations, large-scale structure of Universe, Astrophysics - Cosmology and Nongalactic Astrophysics},
 month = {Aug},
 number = {3},
 pages = {3870-3883},
 primaryclass = {astro-ph.CO},
 title = {{Dark Energy Survey Year 1 results: measurement of the galaxy angular power spectrum}},
 volume = {487},
 year = {2019}
}

@article{1808.07335,
 adsnote = {Provided by the SAO/NASA Astrophysics Data System},
 adsurl = {https://ui.adsabs.harvard.edu/abs/2019MNRAS.482.3696C},
 archiveprefix = {arXiv},
 author = {{Chang}, Chihway and {Wang}, Michael and {Dodelson}, Scott and
{Eifler}, Tim and {Heymans}, Catherine and {Jarvis}, Michael and
{Jee}, M. James and {Joudaki}, Shahab and {Krause}, Elisabeth and
{Malz}, Alex and {Mandelbaum}, Rachel and {Mohammed}, Irshad and
{Schneider}, Michael and {Simet}, Melanie and {Troxel}, Michael A. and
{Zuntz}, Joe and {LSST Dark Energy Science Collaboration}},
 doi = {10.1093/mnras/sty2902},
 eprint = {1808.07335},
 journal = {\mnras},
 keywords = {gravitational lensing: weak, surveys, cosmological parameters, cosmology: observations, Astrophysics - Cosmology and Nongalactic Astrophysics},
 month = {Jan},
 number = {3},
 pages = {3696-3717},
 primaryclass = {astro-ph.CO},
 title = {{A unified analysis of four cosmic shear surveys}},
 volume = {482},
 year = {2019}
}

@article{1809.01669,
 adsnote = {Provided by the SAO/NASA Astrophysics Data System},
 adsurl = {https://ui.adsabs.harvard.edu/abs/2018arXiv180901669T},
 archiveprefix = {arXiv},
 author = {{The LSST Dark Energy Science Collaboration} and {Mandelbaum}, Rachel and
{Eifler}, Tim and {Hlo{\v{z}}ek}, Ren{\'e}e and {Collett}, Thomas and
{Gawiser}, Eric and {Scolnic}, Daniel and {Alonso}, David and
{Awan}, Humna and {Biswas}, Rahul and {Blazek}, Jonathan and
{Burchat}, Patricia and {Chisari}, Nora Elisa and {Dell'Antonio}, Ian and
{Digel}, Seth and {Frieman}, Josh and {Goldstein}, Daniel A. and
{Hook}, Isobel and {Ivezi{\'c}}, {\v{Z}}eljko and {Kahn}, Steven M. and
{Kamath}, Sowmya and {Kirkby}, David and {Kitching}, Thomas and
{Krause}, Elisabeth and {Leget}, Pierre-Fran{\c{c}}ois and
{Marshall}, Philip J. and {Meyers}, Joshua and {Miyatake}, Hironao and
{Newman}, Jeffrey A. and {Nichol}, Robert and {Rykoff}, Eli and
{Sanchez}, F. Javier and {Slosar}, An{\v{z}}e and {Sullivan}, Mark and
{Troxel}, M.~A.},
 eid = {arXiv:1809.01669},
 eprint = {1809.01669},
 journal = {arXiv e-prints},
 keywords = {Astrophysics - Cosmology and Nongalactic Astrophysics},
 month = {Sep},
 pages = {arXiv:1809.01669},
 primaryclass = {astro-ph.CO},
 title = {{The LSST Dark Energy Science Collaboration (DESC) Science Requirements Document}},
 year = {2018}
}

@article{1809.09148,
 adsnote = {Provided by the SAO/NASA Astrophysics Data System},
 adsurl = {https://ui.adsabs.harvard.edu/abs/2019PASJ...71...43H},
 archiveprefix = {arXiv},
 author = {{Hikage}, Chiaki and {Oguri}, Masamune and {Hamana}, Takashi and
{More}, Surhud and {Mandelbaum}, Rachel and {Takada}, Masahiro and
{K{\"o}hlinger}, Fabian and {Miyatake}, Hironao and
{Nishizawa}, Atsushi J. and {Aihara}, Hiroaki and {Armstrong}, Robert and
{Bosch}, James and {Coupon}, Jean and {Ducout}, Anne and {Ho}, Paul and
{Hsieh}, Bau-Ching and {Komiyama}, Yutaka and
{Lanusse}, Fran{\c{c}}ois and {Leauthaud}, Alexie and
{Lupton}, Robert H. and {Medezinski}, Elinor and {Mineo}, Sogo and
{Miyama}, Shoken and {Miyazaki}, Satoshi and {Murata}, Ryoma and
{Murayama}, Hitoshi and {Shirasaki}, Masato and
{Sif{\'o}n}, Crist{\'o}bal and {Simet}, Melanie and {Speagle}, Joshua and
{Spergel}, David N. and {Strauss}, Michael A. and {Sugiyama}, Naoshi and
{Tanaka}, Masayuki and {Utsumi}, Yousuke and {Wang}, Shiang-Yu and
{Yamada}, Yoshihiko},
 doi = {10.1093/pasj/psz010},
 eid = {43},
 eprint = {1809.09148},
 journal = {\pasj},
 keywords = {dark matter, gravitational lensing: weak, large-scale structure of universe, Astrophysics - Cosmology and Nongalactic Astrophysics},
 month = {Apr},
 number = {2},
 pages = {43},
 primaryclass = {astro-ph.CO},
 title = {{Cosmology from cosmic shear power spectra with Subaru Hyper Suprime-Cam first-year data}},
 volume = {71},
 year = {2019}
}

@article{1812.03248,
 adsnote = {Provided by the SAO/NASA Astrophysics Data System},
 adsurl = {https://ui.adsabs.harvard.edu/abs/2018arXiv181203248B},
 archiveprefix = {arXiv},
 author = {{Bosch}, James and {AlSayyad}, Yusra and {Armstrong}, Robert and
{Bellm}, Eric and {Chiang}, Hsin-Fang and {Eggl}, Siegfried and
{Findeisen}, Krzysztof and {Fisher-Levine}, Merlin and
{Guy}, Leanne P. and {Guyonnet}, Augustin and
{Ivezi{\'c}}, {\v{Z}}eljko and {Jenness}, Tim and
{Kov{\'a}cs}, G{\'a}bor and {Krughoff}, K. Simon and
{Lupton}, Robert H. and {Lust}, Nate B. and {MacArthur}, Lauren A. and
{Meyers}, Joshua and {Moolekamp}, Fred and {Morrison}, Christopher B. and
{Morton}, Timothy D. and {O'Mullane}, William and {Parejko}, John K. and
{Plazas}, Andr{\'e}s A. and {Price}, Paul A. and {Rawls}, Meredith L. and
{Reed}, Sophie L. and {Schellart}, Pim and {Slater}, Colin T. and
{Sullivan}, Ian and {Swinbank}, John. D. and {Taranu}, Dan and
{Waters}, Christopher Z. and {Wood-Vasey}, W.~M.},
 eid = {arXiv:1812.03248},
 eprint = {1812.03248},
 journal = {arXiv e-prints},
 keywords = {Astrophysics - Instrumentation and Methods for Astrophysics},
 month = {Dec},
 pages = {arXiv:1812.03248},
 primaryclass = {astro-ph.IM},
 title = {{An Overview of the LSST Image Processing Pipelines}},
 year = {2018}
}

@article{1812.06077,
 adsnote = {Provided by the SAO/NASA Astrophysics Data System},
 adsurl = {https://ui.adsabs.harvard.edu/abs/2018arXiv181206077W},
 archiveprefix = {arXiv},
 author = {{Wright}, Angus H. and {Hildebrandt}, Hendrik and {Kuijken}, Konrad and
{Erben}, Thomas and {Blake}, Robert and {Buddelmeijer}, Hugo and
{Choi}, Ami and {Cross}, Nicholas and {de Jong}, Jelte T.~A. and
{Edge}, Alastair and {Gonzalez-Fernandez}, Carlos and
{Gonz{\'a}lez Solares}, Eduardo and {Grado}, Aniello and
{Heymans}, Catherine and {Irwin}, Mike and {Kupcu Yoldas}, Aybuke and
{Lewis}, James R. and {Mann}, Robert G. and {Napolitano}, Nicola and
{Radovich}, Mario and {Schneider}, Peter and
{Sif{\'o}n}, Crist{\'o}bal and {Sutherland}, William and
{Sutorius}, Eckhard and {Verdoes Kleijn}, Gijs A.},
 eid = {arXiv:1812.06077},
 eprint = {1812.06077},
 journal = {arXiv e-prints},
 keywords = {Astrophysics - Cosmology and Nongalactic Astrophysics, Astrophysics - Astrophysics of Galaxies, Astrophysics - Instrumentation and Methods for Astrophysics},
 month = {Dec},
 pages = {arXiv:1812.06077},
 primaryclass = {astro-ph.CO},
 title = {{KiDS+VIKING-450: A new combined optical \&amp; near-IR dataset for cosmology and astrophysics}},
 year = {2018}
}

@article{1902.11265,
 adsnote = {Provided by the SAO/NASA Astrophysics Data System},
 adsurl = {https://ui.adsabs.harvard.edu/abs/2019A&A...625A...2K},
 archiveprefix = {arXiv},
 author = {{Kuijken}, K. and {Heymans}, C. and {Dvornik}, A. and {Hildebrandt}, H. and
{de Jong}, J.~T.~A. and {Wright}, A.~H. and {Erben}, T. and
{Bilicki}, M. and {Giblin}, B. and {Shan}, H. -Y. and {Getman}, F. and
{Grado}, A. and {Hoekstra}, H. and {Miller}, L. and {Napolitano}, N. and
{Paolilo}, M. and {Radovich}, M. and {Schneider}, P. and {Sutherland
}, W. and {Tewes}, M. and {Tortora}, C. and {Valentijn}, E.~A. and
{Verdoes Kleijn}, G.~A.},
 doi = {10.1051/0004-6361/201834918},
 eid = {A2},
 eprint = {1902.11265},
 journal = {\aap},
 keywords = {galaxies: general, surveys, large-scale structure of Universe, Astrophysics - Astrophysics of Galaxies, Astrophysics - Cosmology and Nongalactic Astrophysics},
 month = {May},
 pages = {A2},
 primaryclass = {astro-ph.GA},
 title = {{The fourth data release of the Kilo-Degree Survey: ugri imaging and nine-band optical-IR photometry over 1000 square degrees}},
 volume = {625},
 year = {2019}
}

@article{1903.09325,
 adsnote = {Provided by the SAO/NASA Astrophysics Data System},
 adsurl = {https://ui.adsabs.harvard.edu/abs/2019BAAS...51c.358N},
 archiveprefix = {arXiv},
 author = {{Newman}, Jeffrey and {Blazek}, J. and {Chisari}, N.~E. and {Clowe}, D. and
{Dell'Antonio}, I. and {Gawiser}, E. and {Hlo{\v{z}}ek}, R.~A. and
{Kim}, A.~G. and {von der Linden}, A. and {Lochner}, M. and {Mand
elbaum}, R. and {Medezinski}, E. and {Melchior}, P. and {Newman}, J.~A. and
{S{\'a}nchez}, F.~J. and {Schmidt}, S.~J. and {Singh}, S. and
{LSST Dark Energy Science Collaboration}},
 eid = {358},
 eprint = {1903.09325},
 journal = {\baas},
 keywords = {Astrophysics - Cosmology and Nongalactic Astrophysics},
 month = {May},
 number = {3},
 pages = {358},
 primaryclass = {astro-ph.CO},
 title = {{Deep Multi-object Spectroscopy to Enhance Dark Energy Science from LSST}},
 volume = {51},
 year = {2019}
}

@article{1903.12016,
 adsnote = {Provided by the SAO/NASA Astrophysics Data System},
 adsurl = {https://ui.adsabs.harvard.edu/abs/2019BAAS...51c..97S},
 archiveprefix = {arXiv},
 author = {{Slosar}, Anze and {Mandelbaum}, Rachel and {Eisenstein}, Daniel},
 eid = {97},
 eprint = {1903.12016},
 journal = {\baas},
 keywords = {Astrophysics - Cosmology and Nongalactic Astrophysics},
 month = {May},
 number = {3},
 pages = {97},
 primaryclass = {astro-ph.CO},
 title = {{Dark Energy and Modified Gravity}},
 volume = {51},
 year = {2019}
}

@article{1904.01174,
 adsnote = {Provided by the SAO/NASA Astrophysics Data System},
 adsurl = {https://ui.adsabs.harvard.edu/abs/2019BAAS...51c.341D},
 archiveprefix = {arXiv},
 author = {{Dore}, Olivier and {Hirata}, C. and {Wang}, Y. and {Weinberg}, D. and
{Eifler}, Tim and {Foley}, R.~J. and {Heinrich}, C. He and
{Krause}, E. and {Perlmutter}, S. and {Pisani}, A. and {Scolnic}, D. and
{Spergel}, D.~N. and {Suntzeff}, N. and {Aldering}, G. and
{Baltay}, C. and {Capak}, P. and {Choi}, A. and {Dvorkin}, C. and
{Fall}, S.~M. and {Fang}, X. and {Fruchter}, A. and {Galbany}, L. and
{Ho}, S. and {Hounsell}, R. and {Izard}, A. and {Jain}, B. and
{Koekemoer}, A.~M. and {Kruk}, J. and {Leauthaud}, A. and
{Malhotra}, S. and {Mandelbaum}, R. and {Massara}, E. and
{Masters}, D. and {Miyatake}, H. and {Plazas}, A. and {Rhoads}, J. and
{Rhodes}, J. and {Rose}, B. and {Rubin}, D. and {Sako}, M. and
{Samushia}, L. and {Shirasaki}, M. and {Simet}, M. and {Takada}, M. and
{Troxel}, M.~A. and {Wu}, H. and {Yoshida}, N. and {Zhai}, Z.},
 eid = {341},
 eprint = {1904.01174},
 journal = {\baas},
 keywords = {Astrophysics - Cosmology and Nongalactic Astrophysics, Astrophysics - Instrumentation and Methods for Astrophysics},
 month = {May},
 number = {3},
 pages = {341},
 primaryclass = {astro-ph.CO},
 title = {{WFIRST: The Essential Cosmology Space Observatory for the Coming Decade}},
 volume = {51},
 year = {2019}
}

@article{1905.01324,
 adsnote = {Provided by the SAO/NASA Astrophysics Data System},
 adsurl = {https://ui.adsabs.harvard.edu/abs/2019arXiv190501324B},
 archiveprefix = {arXiv},
 author = {{Boucaud}, Alexandre and {Huertas-Company}, Marc and {Heneka}, Caroline and
{Ishida}, Emille E.~O. and {Sedaghat}, Nima and {de Souza}, Rafael S. and
{Moews}, Ben and {Dole}, Herv{\'e} and {Castellano}, Marco and
{Merlin}, Emiliano and {Roscani}, Valerio and {Tramacere}, Andrea and
{Killedar}, Madhura and {Trindade}, Arlindo M.~M.},
 eid = {arXiv:1905.01324},
 eprint = {1905.01324},
 journal = {arXiv e-prints},
 keywords = {Astrophysics - Astrophysics of Galaxies, Astrophysics - Instrumentation and Methods for Astrophysics},
 month = {May},
 pages = {arXiv:1905.01324},
 primaryclass = {astro-ph.GA},
 title = {{Photometry of high-redshift blended galaxies using deep learning}},
 year = {2019}
}

@article{1906.06041,
 adsnote = {Provided by the SAO/NASA Astrophysics Data System},
 adsurl = {https://ui.adsabs.harvard.edu/abs/2019arXiv190606041H},
 archiveprefix = {arXiv},
 author = {{Hamana}, T. and {Shirasaki}, M. and {Miyazaki}, S. and {Hikage}, C. and
{Oguri}, M. and {More}, S. and {Armstrong}, R. and {Leauthaud}, A. and
{Mandelbaum}, R. and {Miyatake}, H. and {Nishizawa}, A.~J. and
{Simet}, M. and {Takada}, M. and {Aihara}, H. and {Bosch}, J. and
{Komiyama}, Y. and {Lupton}, R. and {Murayama}, H. and
{Strauss}, M.~A. and {Tanaka}, M.},
 eid = {arXiv:1906.06041},
 eprint = {1906.06041},
 journal = {arXiv e-prints},
 keywords = {Astrophysics - Cosmology and Nongalactic Astrophysics},
 month = {Jun},
 pages = {arXiv:1906.06041},
 primaryclass = {astro-ph.CO},
 title = {{Cosmological constraints from cosmic shear two-point correlation functions with HSC survey first-year data}},
 year = {2019}
}

@article{1906.09262,
 adsnote = {Provided by the SAO/NASA Astrophysics Data System},
 adsurl = {https://ui.adsabs.harvard.edu/abs/2019arXiv190609262J},
 archiveprefix = {arXiv},
 author = {{Joudaki}, S. and {Hildebrandt}, H. and {Traykova}, D. and
{Chisari}, N.~E. and {Heymans}, C. and {Kannawadi}, A. and
{Kuijken}, K. and {Wright}, A.~H. and {Asgari}, M. and {Erben}, T. and
{Hoekstra}, H. and {Joachimi}, B. and {Miller}, L. and
{Tr{\"o}ster}, T. and {van den Busch}, J.~L.},
 eid = {arXiv:1906.09262},
 eprint = {1906.09262},
 journal = {arXiv e-prints},
 keywords = {Astrophysics - Cosmology and Nongalactic Astrophysics},
 month = {Jun},
 pages = {arXiv:1906.09262},
 primaryclass = {astro-ph.CO},
 title = {{KiDS+VIKING-450 and DES-Y1 combined: Cosmology with cosmic shear}},
 year = {2019}
}

@article{1907.06530,
 adsnote = {Provided by the SAO/NASA Astrophysics Data System},
 adsurl = {https://ui.adsabs.harvard.edu/abs/2019arXiv190706530K},
 archiveprefix = {arXiv},
 author = {{Korytov}, Danila and {Hearin}, Andrew and {Kovacs}, Eve and
{Larsen}, Patricia and {Rangel}, Esteban and {Hollowed}, Joseph and
{Benson}, Andrew J. and {Heitmann}, Katrin and {Mao}, Yao-Yuan and
{Bahmanyar}, Anita and {Chang}, Chihway and {Campbell}, Duncan and
{Derose}, Joseph and {Finkel}, Hal and {Frontiere}, Nicholas and
{Gawiser}, Eric and {Habib}, Salman and {Joachimi}, Benjamin and
{Lanusse}, Fran{\c{c}}ois and {Li}, Nan and {Mandelbaum}, Rachel and
{Morrison}, Christopher and {Newman}, Jeffrey A. and {Pope}, Adrian and
{Rykoff}, Eli and {Simet}, Melanie and {To}, Chun-Hao and
{Vikraman}, Vinu and {Wechsler}, Risa H. and {White}, Martin},
 eid = {arXiv:1907.06530},
 eprint = {1907.06530},
 journal = {arXiv e-prints},
 keywords = {Astrophysics - Cosmology and Nongalactic Astrophysics, Astrophysics - Astrophysics of Galaxies},
 month = {Jul},
 pages = {arXiv:1907.06530},
 primaryclass = {astro-ph.CO},
 title = {{CosmoDC2: A Synthetic Sky Catalog for Dark Energy Science with LSST}},
 year = {2019}
}

@article{1907.10572,
 adsnote = {Provided by the SAO/NASA Astrophysics Data System},
 adsurl = {https://ui.adsabs.harvard.edu/abs/2019arXiv190710572J},
 archiveprefix = {arXiv},
 author = {{Jones}, Daniel M. and {Heavens}, Alan F.},
 eid = {arXiv:1907.10572},
 eprint = {1907.10572},
 journal = {arXiv e-prints},
 keywords = {Astrophysics - Cosmology and Nongalactic Astrophysics, Astrophysics - Astrophysics of Galaxies},
 month = {Jul},
 pages = {arXiv:1907.10572},
 primaryclass = {astro-ph.CO},
 title = {{Gaussian Mixture Models for Blended Photometric Redshifts}},
 year = {2019}
}

@article{1907.10688,
 adsnote = {Provided by the SAO/NASA Astrophysics Data System},
 adsurl = {https://ui.adsabs.harvard.edu/abs/2019arXiv190710688L},
 archiveprefix = {arXiv},
 author = {{Levi}, Michael E. and {Allen}, Lori E. and {Raichoor}, Anand and
{Baltay}, Charles and {BenZvi}, Segev and {Beutler}, Florian and
{Bolton}, Adam and {Castander}, Francisco J. and {Chuang}, Chia-Hsun and
{Cooper}, Andrew and {Cuby}, Jean-Gabriel and {Dey}, Arjun and
{Eisenstein}, Daniel and {Fan}, Xiaohui and {Flaugher}, Brenna and
{Frenk}, Carlos and {Gonzalez-Morales}, Alma X. and {Graur}, Or and
{Guy}, Julien and {Habib}, Salman and {Honscheid}, Klaus and
{Juneau}, Stephanie and {Kneib}, Jean-Paul and {Lahav}, Ofer and
{Lang}, Dustin and {Leauthaud}, Alexie and {Lusso}, Betta and
{de la Macorra}, Axel and {Manera}, Marc and {Martini}, Paul and
{Mao}, Shude and {Newman}, Jeffrey A. and
{Palanque-Delabrouille}, Nathalie and {Percival}, Will J. and
{Allende Prieto}, Carlos and {Rockosi}, Constance M. and
{Ruhlmann-Kleider}, Vanina and {Schlegel}, David and {Seo}, Hee-Jong and
{Song}, Yong-Seon and {Tarle}, Greg and {Wechsler}, Risa and
{Weinberg}, David and {Yeche}, Christophe and {Zu}, Ying},
 eid = {arXiv:1907.10688},
 eprint = {1907.10688},
 journal = {arXiv e-prints},
 keywords = {Astrophysics - Instrumentation and Methods for Astrophysics, Astrophysics - Cosmology and Nongalactic Astrophysics, Astrophysics - Astrophysics of Galaxies, Astrophysics - High Energy Astrophysical Phenomena, Astrophysics - Solar and Stellar Astrophysics},
 month = {Jul},
 pages = {arXiv:1907.10688},
 primaryclass = {astro-ph.IM},
 title = {{The Dark Energy Spectroscopic Instrument (DESI)}},
 year = {2019}
}

@article{1909.07340,
 adsnote = {Provided by the SAO/NASA Astrophysics Data System},
 adsurl = {https://ui.adsabs.harvard.edu/abs/2019arXiv190907340H},
 archiveprefix = {arXiv},
 author = {{Hearin}, Andrew and {Korytov}, Danila and {Kovacs}, Eve and
{Benson}, Andrew and {Aung}, Han and {Bradshaw}, Christopher and
{Campbell}, Duncan},
 eid = {arXiv:1909.07340},
 eprint = {1909.07340},
 journal = {arXiv e-prints},
 keywords = {Astrophysics - Cosmology and Nongalactic Astrophysics},
 month = {Sep},
 pages = {arXiv:1909.07340},
 primaryclass = {astro-ph.CO},
 title = {{Generating Synthetic Cosmological Data with GalSampler}},
 year = {2019}
}

@article{1953ApJ...117..134L,
 adsnote = {Provided by the SAO/NASA Astrophysics Data System},
 adsurl = {https://ui.adsabs.harvard.edu/\#abs/1953ApJ...117..134L},
 author = {{Limber}, D. Nelson},
 doi = {10.1086/145672},
 journal = {\apj},
 month = {January},
 pages = {134},
 title = {{The Analysis of Counts of the Extragalactic Nebulae in Terms of a
Fluctuating Density Field.}},
 volume = {117},
 year = {1953}
}

@article{1992ApJ...388..272K,
 adsnote = {Provided by the SAO/NASA Astrophysics Data System},
 adsurl = {https://ui.adsabs.harvard.edu/abs/1992ApJ...388..272K},
 author = {{Kaiser}, N.},
 doi = {10.1086/171151},
 journal = {\apj},
 keywords = {Galactic Clusters, Galactic Structure, Gravitational Lenses, Mass Distribution, Power Spectra, Quasars, Spatial Distribution, Universe},
 month = {April},
 pages = {272-286},
 title = {{Weak gravitational lensing of distant galaxies}},
 volume = {388},
 year = {1992}
}

@article{1998ApJ...500..525S,
 adsnote = {Provided by the SAO/NASA Astrophysics Data System},
 adsurl = {http://adsabs.harvard.edu/abs/1998ApJ...500..525S},
 author = {{Schlegel}, D.~J. and {Finkbeiner}, D.~P. and {Davis}, M.},
 bdsk-url-1 = {https://doi.org/10.1086/305772},
 doi = {10.1086/305772},
 eprint = {astro-ph/9710327},
 journal = {\apj},
 keywords = {COSMOLOGY: DIFFUSE RADIATION, COSMOLOGY: COSMIC MICROWAVE BACKGROUND, ISM: DUST, EXTINCTION, INTERPLANETARY MEDIUM, INFRARED: ISM: CONTINUUM, Cosmology: Cosmic Microwave Background, Cosmology: Diffuse Radiation, ISM: Dust, Extinction, Infrared: ISM: Continuum, Interplanetary Medium},
 month = {June},
 pages = {525-553},
 title = {{Maps of Dust Infrared Emission for Use in Estimation of Reddening and Cosmic Microwave Background Radiation Foregrounds}},
 volume = {500},
 year = {1998}
}

@article{2000MNRAS.318.1144P,
 adsnote = {Provided by the SAO/NASA Astrophysics Data System},
 adsurl = {https://ui.adsabs.harvard.edu/abs/2000MNRAS.318.1144P},
 archiveprefix = {arXiv},
 author = {{Peacock}, J.~A. and {Smith}, R.~E.},
 doi = {10.1046/j.1365-8711.2000.03779.x},
 eprint = {astro-ph/0005010},
 journal = {\mnras},
 keywords = {GALAXIES: CLUSTERS: GENERAL, COSMOLOGY: THEORY, LARGE-SCALE STRUCTURE OF UNIVERSE, Astrophysics},
 month = {Nov},
 number = {4},
 pages = {1144-1156},
 primaryclass = {astro-ph},
 title = {{Halo occupation numbers and galaxy bias}},
 volume = {318},
 year = {2000}
}

@article{2002A&A...395.1077C,
 adsnote = {Provided by the SAO/NASA Astrophysics Data System},
 adsurl = {http://adsabs.harvard.edu/abs/2002A%26A...395.1077C},
 author = {{Calabretta}, M.~R. and {Greisen}, E.~W.},
 bdsk-url-1 = {https://doi.org/10.1051/0004-6361:20021327},
 doi = {10.1051/0004-6361:20021327},
 eprint = {astro-ph/0207413},
 journal = {\aap},
 keywords = {methods: data analysis, techniques: image processing, astronomical data bases: miscellaneous, astrometry},
 month = {December},
 pages = {1077-1122},
 title = {{Representations of celestial coordinates in FITS}},
 volume = {395},
 year = {2002}
}

@article{2002ApJ...567....2H,
 adsnote = {Provided by the SAO/NASA Astrophysics Data System},
 adsurl = {https://ui.adsabs.harvard.edu/abs/2002ApJ...567....2H},
 archiveprefix = {arXiv},
 author = {{Hivon}, Eric and {G{\'o}rski}, Krzysztof M. and {Netterfield}, C. Barth and {Crill}, Brendan P. and {Prunet}, Simon and {Hansen}, Frode},
 bdsk-url-1 = {https://doi.org/10.1086/338126},
 doi = {10.1086/338126},
 eprint = {astro-ph/0105302},
 journal = {\apj},
 keywords = {Cosmology: Cosmic Microwave Background, Methods: Statistical, Astrophysics},
 month = {Mar},
 number = {1},
 pages = {2-17},
 primaryclass = {astro-ph},
 title = {{MASTER of the Cosmic Microwave Background Anisotropy Power Spectrum: A Fast Method for Statistical Analysis of Large and Complex Cosmic Microwave Background Data Sets}},
 volume = {567},
 year = {2002}
}

@article{2002ApJ...575..587B,
 adsnote = {Provided by the SAO/NASA Astrophysics Data System},
 adsurl = {https://ui.adsabs.harvard.edu/abs/2002ApJ...575..587B},
 author = {{Berlind}, A.~A. and {Weinberg}, D.~H.},
 doi = {10.1086/341469},
 eprint = {astro-ph/0109001},
 journal = {\apj},
 keywords = {Cosmology: Theory, Galaxies: Formation, Cosmology: Large-Scale Structure of Universe, Methods: n-Body Simulations},
 month = {August},
 pages = {587-616},
 title = {{The Halo Occupation Distribution: Toward an Empirical Determination of the Relation between Galaxies and Mass}},
 volume = {575},
 year = {2002}
}

@article{2002PhR...372....1C,
 adsnote = {Provided by the SAO/NASA Astrophysics Data System},
 adsurl = {https://ui.adsabs.harvard.edu/abs/2002PhR...372....1C},
 archiveprefix = {arXiv},
 author = {{Cooray}, Asantha and {Sheth}, Ravi},
 doi = {10.1016/S0370-1573(02)00276-4},
 eprint = {astro-ph/0206508},
 journal = {\physrep},
 keywords = {Astrophysics},
 month = {Dec},
 number = {1},
 pages = {1-129},
 primaryclass = {astro-ph},
 title = {{Halo models of large scale structure}},
 volume = {372},
 year = {2002}
}

@inproceedings{2004AAS...205.4815Z,
 adsnote = {Provided by the SAO/NASA Astrophysics Data System},
 adsurl = {http://adsabs.harvard.edu/abs/2004AAS...205.4815Z},
 author = {{Zacharias}, N. and {Monet}, D.~G. and {Levine}, S.~E. and {Urban}, S.~E. and {Gaume}, R. and {Wycoff}, G.~L.},
 booktitle = {American Astronomical Society Meeting Abstracts},
 eid = {48.15},
 month = {December},
 pages = {1418},
 series = {Bulletin of the American Astronomical Society},
 title = {{The Naval Observatory Merged Astrometric Dataset (NOMAD)}},
 volume = {36},
 year = {2004}
}

@article{2004MNRAS.349..603E,
 adsnote = {Provided by the SAO/NASA Astrophysics Data System},
 adsurl = {https://ui.adsabs.harvard.edu/abs/2004MNRAS.349..603E},
 archiveprefix = {arXiv},
 author = {{Efstathiou}, G.},
 bdsk-url-1 = {https://doi.org/10.1111/j.1365-2966.2004.07530.x},
 doi = {10.1111/j.1365-2966.2004.07530.x},
 eprint = {astro-ph/0307515},
 journal = {\mnras},
 keywords = {methods: data analysis, methods: statistical, cosmic microwave background, large-scale structure of Universe, Astrophysics},
 month = {Apr},
 number = {2},
 pages = {603-626},
 primaryclass = {astro-ph},
 title = {{Myths and truths concerning estimation of power spectra: the case for a hybrid estimator}},
 volume = {349},
 year = {2004}
}

@article{2005ApJ...633..791Z,
 adsnote = {Provided by the SAO/NASA Astrophysics Data System},
 adsurl = {https://ui.adsabs.harvard.edu/abs/2005ApJ...633..791Z},
 author = {{Zheng}, Z. and {Berlind}, A.~A. and {Weinberg}, D.~H. and {Benson}, A.~J. and 
{Baugh}, C.~M. and {Cole}, S. and {Dav{\'e}}, R. and {Frenk}, C.~S. and 
{Katz}, N. and {Lacey}, C.~G.},
 doi = {10.1086/466510},
 eprint = {astro-ph/0408564},
 journal = {\apj},
 keywords = {Cosmology: Theory, Galaxies: Formation, Galaxies: Halos, Cosmology: Large-Scale Structure of Universe},
 month = {November},
 pages = {791-809},
 title = {{Theoretical Models of the Halo Occupation Distribution: Separating Central and Satellite Galaxies}},
 volume = {633},
 year = {2005}
}

@article{2008ApJ...684...88N,
 adsnote = {Provided by the SAO/NASA Astrophysics Data System},
 adsurl = {http://adsabs.harvard.edu/abs/2008ApJ...684...88N},
 archiveprefix = {arXiv},
 author = {{Newman}, J.~A.},
 doi = {10.1086/589982},
 eid = {88-101},
 eprint = {0805.1409},
 journal = {\apj},
 keywords = {galaxies: distances and redshifts, large-scale structure of universe, methods: miscellaneous, surveys},
 month = {September},
 pages = {88-101},
 title = {{Calibrating Redshift Distributions beyond Spectroscopic Limits with Cross-Correlations}},
 volume = {684},
 year = {2008}
}

@article{2008MNRAS.390..118L,
 adsnote = {Provided by the SAO/NASA Astrophysics Data System},
 adsurl = {https://ui.adsabs.harvard.edu/abs/2008MNRAS.390..118L},
 archiveprefix = {arXiv},
 author = {{Lima}, Marcos and {Cunha}, Carlos E. and {Oyaizu}, Hiroaki and
{Frieman}, Joshua and {Lin}, Huan and {Sheldon}, Erin S.},
 doi = {10.1111/j.1365-2966.2008.13510.x},
 eprint = {0801.3822},
 journal = {\mnras},
 keywords = {galaxies: distances and redshifts, galaxies: statistics, distance scale, large-scale structure of Universe, Astrophysics},
 month = {Oct},
 number = {1},
 pages = {118-130},
 primaryclass = {astro-ph},
 title = {{Estimating the redshift distribution of photometric galaxy samples}},
 volume = {390},
 year = {2008}
}

@article{2008MNRAS.390L..64D,
 adsnote = {Provided by the SAO/NASA Astrophysics Data System},
 adsurl = {https://ui.adsabs.harvard.edu/abs/2008MNRAS.390L..64D},
 archiveprefix = {arXiv},
 author = {{Duffy}, Alan R. and {Schaye}, Joop and {Kay}, Scott T. and
{Dalla Vecchia}, Claudio},
 doi = {10.1111/j.1745-3933.2008.00537.x},
 eprint = {0804.2486},
 journal = {\mnras},
 keywords = {methods: N-body simulations, galaxies: clusters: general, galaxies: haloes, cosmological parameters, cosmology: theory, dark matter, Astrophysics},
 month = {Oct},
 number = {1},
 pages = {L64-L68},
 primaryclass = {astro-ph},
 title = {{Dark matter halo concentrations in the Wilkinson Microwave Anisotropy Probe year 5 cosmology}},
 volume = {390},
 year = {2008}
}

@article{2009MNRAS.395.2065T,
 adsnote = {Provided by the SAO/NASA Astrophysics Data System},
 adsurl = {https://ui.adsabs.harvard.edu/abs/2009MNRAS.395.2065T},
 archiveprefix = {arXiv},
 author = {{Takada}, Masahiro and {Jain}, Bhuvnesh},
 doi = {10.1111/j.1365-2966.2009.14504.x},
 eprint = {0810.4170},
 journal = {\mnras},
 keywords = {gravitational lensing, cosmology: theory, large-scale structure of universe, Astrophysics},
 month = {Jun},
 number = {4},
 pages = {2065-2086},
 primaryclass = {astro-ph},
 title = {{The impact of non-Gaussian errors on weak lensing surveys}},
 volume = {395},
 year = {2009}
}

@article{2011ApJ...736...59Z,
 adsnote = {Provided by the SAO/NASA Astrophysics Data System},
 adsurl = {https://ui.adsabs.harvard.edu/abs/2011ApJ...736...59Z},
 archiveprefix = {arXiv},
 author = {{Zehavi}, I. and {Zheng}, Z. and {Weinberg}, D.~H. and {Blanton}, M.~R. and 
{Bahcall}, N.~A. and {Berlind}, A.~A. and {Brinkmann}, J. and 
{Frieman}, J.~A. and {Gunn}, J.~E. and {Lupton}, R.~H. and {Nichol}, R.~C. and 
{Percival}, W.~J. and {Schneider}, D.~P. and {Skibba}, R.~A. and 
{Strauss}, M.~A. and {Tegmark}, M. and {York}, D.~G.},
 doi = {10.1088/0004-637X/736/1/59},
 eid = {59},
 eprint = {1005.2413},
 journal = {\apj},
 keywords = {cosmology: observations, cosmology: theory, galaxies: distances and redshifts, galaxies: halos, galaxies: statistics, large-scale structure of universe},
 month = {July},
 pages = {59},
 title = {{Galaxy Clustering in the Completed SDSS Redshift Survey: The Dependence on Color and Luminosity}},
 volume = {736},
 year = {2011}
}

@article{2012ApJ...761..152T,
 adsnote = {Provided by the SAO/NASA Astrophysics Data System},
 adsurl = {https://ui.adsabs.harvard.edu/abs/2012ApJ...761..152T},
 archiveprefix = {arXiv},
 author = {{Takahashi}, Ryuichi and {Sato}, Masanori and {Nishimichi}, Takahiro and
{Taruya}, Atsushi and {Oguri}, Masamune},
 doi = {10.1088/0004-637X/761/2/152},
 eid = {152},
 eprint = {1208.2701},
 journal = {\apj},
 keywords = {cosmology: theory, large-scale structure of universe, methods: numerical, Astrophysics - Cosmology and Nongalactic Astrophysics, General Relativity and Quantum Cosmology},
 month = {Dec},
 number = {2},
 pages = {152},
 primaryclass = {astro-ph.CO},
 title = {{Revising the Halofit Model for the Nonlinear Matter Power Spectrum}},
 volume = {761},
 year = {2012}
}

@article{2013MNRAS.430..725V,
 adsnote = {Provided by the SAO/NASA Astrophysics Data System},
 adsurl = {https://ui.adsabs.harvard.edu/abs/2013MNRAS.430..725V},
 archiveprefix = {arXiv},
 author = {{van den Bosch}, F.~C. and {More}, S. and {Cacciato}, M. and 
{Mo}, H. and {Yang}, X.},
 doi = {10.1093/mnras/sts006},
 eprint = {1206.6890},
 journal = {\mnras},
 keywords = {methods: statistical, galaxies: haloes, cosmological parameters, dark matter, large-scale structure of Universe},
 month = {April},
 pages = {725-746},
 title = {{Cosmological constraints from a combination of galaxy clustering and lensing - I. Theoretical framework}},
 volume = {430},
 year = {2013}
}

@article{2013PhRvD..88h3507B,
 adsnote = {Provided by the SAO/NASA Astrophysics Data System},
 adsurl = {https://ui.adsabs.harvard.edu/abs/2013PhRvD..88h3507B},
 archiveprefix = {arXiv},
 author = {{Baldauf}, Tobias and {Seljak}, Uro{\v{s}} and {Smith}, Robert E. and {Hamaus}, Nico and {Desjacques}, Vincent},
 bdsk-url-1 = {https://doi.org/10.1103/PhysRevD.88.083507},
 doi = {10.1103/PhysRevD.88.083507},
 eid = {083507},
 eprint = {1305.2917},
 journal = {\prd},
 keywords = {98.80.-k, 98.65.Dx, 98.80.Es, Cosmology, Superclusters, large-scale structure of the Universe, Observational cosmology, Astrophysics - Cosmology and Extragalactic Astrophysics},
 month = {Oct},
 number = {8},
 pages = {083507},
 primaryclass = {astro-ph.CO},
 title = {{Halo stochasticity from exclusion and nonlinear clustering}},
 volume = {88},
 year = {2013}
}

@article{2015MNRAS.454.1958M,
 adsnote = {Provided by the SAO/NASA Astrophysics Data System},
 adsurl = {https://ui.adsabs.harvard.edu/abs/2015MNRAS.454.1958M},
 archiveprefix = {arXiv},
 author = {{Mead}, A.~J. and {Peacock}, J.~A. and {Heymans}, C. and {Joudaki}, S. and
{Heavens}, A.~F.},
 doi = {10.1093/mnras/stv2036},
 eprint = {1505.07833},
 journal = {\mnras},
 keywords = {gravitational lensing: weak, cosmology: theory, dark energy, large-scale structure of Universe, Astrophysics - Cosmology and Nongalactic Astrophysics},
 month = {Dec},
 number = {2},
 pages = {1958-1975},
 primaryclass = {astro-ph.CO},
 title = {{An accurate halo model for fitting non-linear cosmological power spectra and baryonic feedback models}},
 volume = {454},
 year = {2015}
}

@article{2016ApJS..224...24L,
 adsnote = {Provided by the SAO/NASA Astrophysics Data System},
 adsurl = {https://ui.adsabs.harvard.edu/abs/2016ApJS..224...24L},
 archiveprefix = {arXiv},
 author = {{Laigle}, C. and {McCracken}, H.~J. and {Ilbert}, O. and {Hsieh}, B.~C. and {Davidzon}, I. and {Capak}, P. and {Hasinger}, G. and {Silverman}, J.~D. and {Pichon}, C. and {Coupon}, J. and {Aussel}, H. and {Le Borgne}, D. and {Caputi}, K. and {Cassata}, P. and {Chang}, Y. -Y. and {Civano}, F. and {Dunlop}, J. and {Fynbo}, J. and {Kartaltepe}, J.~S. and {Koekemoer}, A. and {Le F{\`e}vre}, O. and {Le Floc'h}, E. and {Leauthaud}, A. and {Lilly}, S. and {Lin}, L. and {Marchesi}, S. and {Milvang-Jensen}, B. and {Salvato}, M. and {Sanders}, D.~B. and {Scoville}, N. and {Smolcic}, V. and {Stockmann}, M. and {Taniguchi}, Y. and {Tasca}, L. and {Toft}, S. and {Vaccari}, Mattia and {Zabl}, J.},
 bdsk-url-1 = {https://doi.org/10.3847/0067-0049/224/2/24},
 doi = {10.3847/0067-0049/224/2/24},
 eid = {24},
 eprint = {1604.02350},
 journal = {\apjs},
 keywords = {catalogs, galaxies: evolution, galaxies: high-redshift, galaxies: photometry, methods: observational, techniques: photometric, Astrophysics - Astrophysics of Galaxies, Astrophysics - Cosmology and Nongalactic Astrophysics},
 month = {Jun},
 number = {2},
 pages = {24},
 primaryclass = {astro-ph.GA},
 title = {{The COSMOS2015 Catalog: Exploring the 1 \&lt; z \&lt; 6 Universe with Half a Million Galaxies}},
 volume = {224},
 year = {2016}
}

@article{2016ApJS..226...24L,
 adsnote = {Provided by the SAO/NASA Astrophysics Data System},
 adsurl = {https://ui.adsabs.harvard.edu/abs/2016ApJS..226...24L},
 archiveprefix = {arXiv},
 author = {{Leistedt}, B. and {Peiris}, H.~V. and {Elsner}, F. and {Benoit-L{\'e}vy}, A. and {Amara}, A. and {Bauer}, A.~H. and {Becker}, M.~R. and {Bonnett}, C. and {Bruderer}, C. and {Busha}, M.~T. and {Carrasco Kind}, M. and {Chang}, C. and {Crocce}, M. and {da Costa}, L.~N. and {Gaztanaga}, E. and {Huff}, E.~M. and {Lahav}, O. and {Palmese}, A. and {Percival}, W.~J. and {Refregier}, A. and {Ross}, A.~J. and {Rozo}, E. and {Rykoff}, E.~S. and {S{\'a}nchez}, C. and {Sadeh}, I. and {Sevilla-Noarbe}, I. and {Sobreira}, F. and {Suchyta}, E. and {Swanson}, M.~E.~C. and {Wechsler}, R.~H. and {Abdalla}, F.~B. and {Allam}, S. and {Banerji}, M. and {Bernstein}, G.~M. and {Bernstein}, R.~A. and {Bertin}, E. and {Bridle}, S.~L. and {Brooks}, D. and {Buckley-Geer}, E. and {Burke}, D.~L. and {Capozzi}, D. and {Carnero Rosell}, A. and {Carretero}, J. and {Cunha}, C.~E. and {D'Andrea}, C.~B. and {DePoy}, D.~L. and {Desai}, S. and {Diehl}, H.~T. and {Doel}, P. and {Eifler}, T.~F. and {Evrard}, A.~E. and {Fausti Neto}, A. and {Flaugher}, B. and {Fosalba}, P. and {Frieman}, J. and {Gerdes}, D.~W. and {Gruen}, D. and {Gruendl}, R.~A. and {Gutierrez}, G. and {Honscheid}, K. and {James}, D.~J. and {Jarvis}, M. and {Kent}, S. and {Kuehn}, K. and {Kuropatkin}, N. and {Li}, T.~S. and {Lima}, M. and {Maia}, M.~A.~G. and {March}, M. and {Marshall}, J.~L. and {Martini}, P. and {Melchior}, P. and {Miller}, C.~J. and {Miquel}, R. and {Nichol}, R.~C. and {Nord}, B. and {Ogando}, R. and {Plazas}, A.~A. and {Reil}, K. and {Romer}, A.~K. and {Roodman}, A. and {Sanchez}, E. and {Santiago}, B. and {Scarpine}, V. and {Schubnell}, M. and {Smith}, R.~C. and {Soares-Santos}, M. and {Tarle}, G. and {Thaler}, J. and {Thomas}, D. and {Vikram}, V. and {Walker}, A.~R. and {Wester}, W. and {Zhang}, Y. and {Zuntz}, J.},
 bdsk-url-1 = {https://doi.org/10.3847/0067-0049/226/2/24},
 doi = {10.3847/0067-0049/226/2/24},
 eid = {24},
 eprint = {1507.05647},
 journal = {\apjs},
 keywords = {cosmology: observations, galaxies: distances and redshifts, galaxies: statistics, large-scale structure of universe, Astrophysics - Cosmology and Nongalactic Astrophysics},
 month = {Oct},
 number = {2},
 pages = {24},
 primaryclass = {astro-ph.CO},
 title = {{Mapping and Simulating Systematics due to Spatially Varying Observing Conditions in DES Science Verification Data}},
 volume = {226},
 year = {2016}
}

@article{2017MNRAS.465.1454H,
 adsnote = {Provided by the SAO/NASA Astrophysics Data System},
 adsurl = {https://ui.adsabs.harvard.edu/abs/2017MNRAS.465.1454H},
 archiveprefix = {arXiv},
 author = {{Hildebrandt}, H. and {Viola}, M. and {Heymans}, C. and {Joudaki}, S. and {Kuijken}, K. and {Blake}, C. and {Erben}, T. and {Joachimi}, B. and {Klaes}, D. and {Miller}, L. and {Morrison}, C.~B. and {Nakajima}, R. and {Verdoes Kleijn}, G. and {Amon}, A. and {Choi}, A. and {Covone}, G. and {de Jong}, J.~T.~A. and {Dvornik}, A. and {Fenech Conti}, I. and {Grado}, A. and {Harnois-D{\'e}raps}, J. and {Herbonnet}, R. and {Hoekstra}, H. and {K{\"o}hlinger}, F. and {McFarland}, J. and {Mead}, A. and {Merten}, J. and {Napolitano}, N. and {Peacock}, J.~A. and {Radovich}, M. and {Schneider}, P. and {Simon}, P. and {Valentijn}, E.~A. and {van den Busch}, J.~L. and {van Uitert}, E. and {Van Waerbeke}, L.},
 bdsk-url-1 = {https://doi.org/10.1093/mnras/stw2805},
 doi = {10.1093/mnras/stw2805},
 eprint = {1606.05338},
 journal = {\mnras},
 keywords = {gravitational lensing: weak, surveys, galaxies: photometry, cosmology: observations, Astrophysics - Cosmology and Nongalactic Astrophysics},
 month = {Feb},
 number = {2},
 pages = {1454-1498},
 primaryclass = {astro-ph.CO},
 title = {{KiDS-450: cosmological parameter constraints from tomographic weak gravitational lensing}},
 volume = {465},
 year = {2017}
}

@article{2017MNRAS.465.1847E,
 adsnote = {Provided by the SAO/NASA Astrophysics Data System},
 adsurl = {https://ui.adsabs.harvard.edu/abs/2017MNRAS.465.1847E},
 archiveprefix = {arXiv},
 author = {{Elsner}, Franz and {Leistedt}, Boris and {Peiris}, Hiranya V.},
 bdsk-url-1 = {https://doi.org/10.1093/mnras/stw2752},
 doi = {10.1093/mnras/stw2752},
 eprint = {1609.03577},
 journal = {\mnras},
 keywords = {methods: data analysis, methods: numerical, methods: statistical, cosmology: observations, large-scale structure of Universe, Astrophysics - Cosmology and Nongalactic Astrophysics},
 month = {Feb},
 number = {2},
 pages = {1847-1855},
 primaryclass = {astro-ph.CO},
 title = {{Unbiased pseudo-C$_{{\ensuremath{\ell}}}$ power spectrum estimation with mode projection}},
 volume = {465},
 year = {2017}
}

@article{2018MNRAS.478..592H,
 adsnote = {Provided by the SAO/NASA Astrophysics Data System},
 adsurl = {https://ui.adsabs.harvard.edu/abs/2018MNRAS.478..592H},
 archiveprefix = {arXiv},
 author = {{Hoyle}, B. and {Gruen}, D. and {Bernstein}, G.~M. and {Rau}, M.~M. and 
{De Vicente}, J. and {Hartley}, W.~G. and {Gaztanaga}, E. and 
{DeRose}, J. and {Troxel}, M.~A. and {Davis}, C. and {Alarcon}, A. and 
{MacCrann}, N. and {Prat}, J. and {S{\'a}nchez}, C. and {Sheldon}, E. and 
{Wechsler}, R.~H. and {Asorey}, J. and {Becker}, M.~R. and {Bonnett}, C. and 
{Carnero Rosell}, A. and {Carollo}, D. and {Carrasco Kind}, M. and 
{Castander}, F.~J. and {Cawthon}, R. and {Chang}, C. and {Childress}, M. and 
{Davis}, T.~M. and {Drlica-Wagner}, A. and {Gatti}, M. and {Glazebrook}, K. and 
{Gschwend}, J. and {Hinton}, S.~R. and {Hoormann}, J.~K. and 
{Kim}, A.~G. and {King}, A. and {Kuehn}, K. and {Lewis}, G. and 
{Lidman}, C. and {Lin}, H. and {Macaulay}, E. and {Maia}, M.~A.~G. and 
{Martini}, P. and {Mudd}, D. and {M{\"o}ller}, A. and {Nichol}, R.~C. and 
{Ogando}, R.~L.~C. and {Rollins}, R.~P. and {Roodman}, A. and 
{Ross}, A.~J. and {Rozo}, E. and {Rykoff}, E.~S. and {Samuroff}, S. and 
{Sevilla-Noarbe}, I. and {Sharp}, R. and {Sommer}, N.~E. and 
{Tucker}, B.~E. and {Uddin}, S.~A. and {Varga}, T.~N. and {Vielzeuf}, P. and 
{Yuan}, F. and {Zhang}, B. and {Abbott}, T.~M.~C. and {Abdalla}, F.~B. and 
{Allam}, S. and {Annis}, J. and {Bechtol}, K. and {Benoit-L{\'e}vy}, A. and 
{Bertin}, E. and {Brooks}, D. and {Buckley-Geer}, E. and {Burke}, D.~L. and 
{Busha}, M.~T. and {Capozzi}, D. and {Carretero}, J. and {Crocce}, M. and 
{D'Andrea}, C.~B. and {da Costa}, L.~N. and {DePoy}, D.~L. and 
{Desai}, S. and {Diehl}, H.~T. and {Doel}, P. and {Eifler}, T.~F. and 
{Estrada}, J. and {Evrard}, A.~E. and {Fernandez}, E. and {Flaugher}, B. and 
{Fosalba}, P. and {Frieman}, J. and {Garc{\'{\i}}a-Bellido}, J. and 
{Gerdes}, D.~W. and {Giannantonio}, T. and {Goldstein}, D.~A. and 
{Gruendl}, R.~A. and {Gutierrez}, G. and {Honscheid}, K. and 
{James}, D.~J. and {Jarvis}, M. and {Jeltema}, T. and {Johnson}, M.~W.~G. and 
{Johnson}, M.~D. and {Kirk}, D. and {Krause}, E. and {Kuhlmann}, S. and 
{Kuropatkin}, N. and {Lahav}, O. and {Li}, T.~S. and {Lima}, M. and 
{March}, M. and {Marshall}, J.~L. and {Melchior}, P. and {Menanteau}, F. and 
{Miquel}, R. and {Nord}, B. and {O'Neill}, C.~R. and {Plazas}, A.~A. and 
{Romer}, A.~K. and {Sako}, M. and {Sanchez}, E. and {Santiago}, B. and 
{Scarpine}, V. and {Schindler}, R. and {Schubnell}, M. and {Smith}, M. and 
{Smith}, R.~C. and {Soares-Santos}, M. and {Sobreira}, F. and 
{Suchyta}, E. and {Swanson}, M.~E.~C. and {Tarle}, G. and {Thomas}, D. and 
{Tucker}, D.~L. and {Vikram}, V. and {Walker}, A.~R. and {Weller}, J. and 
{Wester}, W. and {Wolf}, R.~C. and {Yanny}, B. and {Zuntz}, J. and 
{DES Collaboration}},
 doi = {10.1093/mnras/sty957},
 eprint = {1708.01532},
 journal = {\mnras},
 keywords = {methods: data analysis, catalogues, surveys},
 month = {July},
 pages = {592-610},
 title = {{Dark Energy Survey Year 1 Results: redshift distributions of the weak-lensing source galaxies}},
 volume = {478},
 year = {2018}
}

@article{2018PASJ...70S...5B,
 adsnote = {Provided by the SAO/NASA Astrophysics Data System},
 adsurl = {https://ui.adsabs.harvard.edu/abs/2018PASJ...70S...5B},
 archiveprefix = {arXiv},
 author = {{Bosch}, J. and {Armstrong}, R. and {Bickerton}, S. and {Furusawa}, H. and {Ikeda}, H. and {Koike}, M. and {Lupton}, R. and {Mineo}, S. and {Price}, P. and {Takata}, T. and {Tanaka}, M. and {Yasuda}, N. and {AlSayyad}, Y. and {Becker}, A.~C. and {Coulton}, W. and {Coupon}, J. and {Garmilla}, J. and {Huang}, S. and {Krughoff}, K.~S. and {Lang}, D. and {Leauthaud}, A. and {Lim}, K.-T. and {Lust}, N.~B. and {MacArthur}, L.~A. and {Mandelbaum}, R. and {Miyatake}, H. and {Miyazaki}, S. and {Murata}, R. and {More}, S. and {Okura}, Y. and {Owen}, R. and {Swinbank}, J.~D. and {Strauss}, M.~A. and {Yamada}, Y. and {Yamanoi}, H.},
 bdsk-url-1 = {https://doi.org/10.1093/pasj/psx080},
 doi = {10.1093/pasj/psx080},
 eid = {S5},
 eprint = {1705.06766},
 journal = {\pasj},
 keywords = {methods: data analysis, surveys, techniques: image processing},
 month = {January},
 pages = {S5},
 primaryclass = {astro-ph.IM},
 title = {{The Hyper Suprime-Cam software pipeline}},
 volume = {70},
 year = {2018}
}

@article{2018PASJ...70S...7C,
 adsnote = {Provided by the SAO/NASA Astrophysics Data System},
 adsurl = {http://ads.nao.ac.jp/abs/2018PASJ...70S...7C},
 archiveprefix = {arXiv},
 author = {{Coupon}, J. and {Czakon}, N. and {Bosch}, J. and {Komiyama}, Y. and {Medezinski}, E. and {Miyazaki}, S. and {Oguri}, M.},
 bdsk-url-1 = {https://doi.org/10.1093/pasj/psx047},
 doi = {10.1093/pasj/psx047},
 eid = {S7},
 eprint = {1705.00622},
 journal = {\pasj},
 keywords = {cosmology: observations, galaxies: photometry, techniques: image processing},
 month = {January},
 pages = {S7},
 primaryclass = {astro-ph.IM},
 title = {{The bright-star masks for the HSC-SSP survey}},
 volume = {70},
 year = {2018}
}

@article{2018PASJ...70S...8A,
 adsnote = {Provided by the SAO/NASA Astrophysics Data System},
 adsurl = {http://ads.nao.ac.jp/abs/2018PASJ...70S...8A},
 archiveprefix = {arXiv},
 author = {{Aihara}, H. and {Armstrong}, R. and {Bickerton}, S. and {Bosch}, J. and {Coupon}, J. and {Furusawa}, H. and {Hayashi}, Y. and {Ikeda}, H. and {Kamata}, Y. and {Karoji}, H. and {Kawanomoto}, S. and {Koike}, M. and {Komiyama}, Y. and {Lang}, D. and {Lupton}, R.~H. and {Mineo}, S. and {Miyatake}, H. and {Miyazaki}, S. and {Morokuma}, T. and {Obuchi}, Y. and {Oishi}, Y. and {Okura}, Y. and {Price}, P.~A. and {Takata}, T. and {Tanaka}, M.~M. and {Tanaka}, M. and {Tanaka}, Y. and {Uchida}, T. and {Uraguchi}, F. and {Utsumi}, Y. and {Wang}, S.-Y. and {Yamada}, Y. and {Yamanoi}, H. and {Yasuda}, N. and {Arimoto}, N. and {Chiba}, M. and {Finet}, F. and {Fujimori}, H. and {Fujimoto}, S. and {Furusawa}, J. and {Goto}, T. and {Goulding}, A. and {Gunn}, J.~E. and {Harikane}, Y. and {Hattori}, T. and {Hayashi}, M. and {He{\l}miniak}, K.~G. and {Higuchi}, R. and {Hikage}, C. and {Ho}, P.~T.~P. and {Hsieh}, B.-C. and {Huang}, K. and {Huang}, S. and {Imanishi}, M. and {Iwata}, I. and {Jaelani}, A.~T. and {Jian}, H.-Y. and {Kashikawa}, N. and {Katayama}, N. and {Kojima}, T. and {Konno}, A. and {Koshida}, S. and {Kusakabe}, H. and {Leauthaud}, A. and {Lee}, C.-H. and {Lin}, L. and {Lin}, Y.-T. and {Mandelbaum}, R. and {Matsuoka}, Y. and {Medezinski}, E. and {Miyama}, S. and {Momose}, R. and {More}, A. and {More}, S. and {Mukae}, S. and {Murata}, R. and {Murayama}, H. and {Nagao}, T. and {Nakata}, F. and {Niida}, M. and {Niikura}, H. and {Nishizawa}, A.~J. and {Oguri}, M. and {Okabe}, N. and {Ono}, Y. and {Onodera}, M. and {Onoue}, M. and {Ouchi}, M. and {Pyo}, T.-S. and {Shibuya}, T. and {Shimasaku}, K. and {Simet}, M. and {Speagle}, J. and {Spergel}, D.~N. and {Strauss}, M.~A. and {Sugahara}, Y. and {Sugiyama}, N. and {Suto}, Y. and {Suzuki}, N. and {Tait}, P.~J. and {Takada}, M. and {Terai}, T. and {Toba}, Y. and {Turner}, E.~L. and {Uchiyama}, H. and {Umetsu}, K. and {Urata}, Y. and {Usuda}, T. and {Yeh}, S. and {Yuma}, S.},
 bdsk-url-1 = {https://doi.org/10.1093/pasj/psx081},
 doi = {10.1093/pasj/psx081},
 eid = {S8},
 eprint = {1702.08449},
 journal = {\pasj},
 keywords = {astronomical databases, cosmology: observations, galaxies: general, surveys},
 month = {January},
 pages = {S8},
 primaryclass = {astro-ph.IM},
 title = {{First data release of the Hyper Suprime-Cam Subaru Strategic Program}},
 volume = {70},
 year = {2018}
}

@article{2018PASJ...70S...9T,
 adsnote = {Provided by the SAO/NASA Astrophysics Data System},
 adsurl = {http://ads.nao.ac.jp/abs/2018PASJ...70S...9T},
 archiveprefix = {arXiv},
 author = {{Tanaka}, M. and {Coupon}, J. and {Hsieh}, B.-C. and {Mineo}, S. and {Nishizawa}, A.~J. and {Speagle}, J. and {Furusawa}, H. and {Miyazaki}, S. and {Murayama}, H.},
 bdsk-url-1 = {https://doi.org/10.1093/pasj/psx077},
 doi = {10.1093/pasj/psx077},
 eid = {S9},
 eprint = {1704.05988},
 journal = {\pasj},
 keywords = {cosmology: observations, galaxies: distances and redshifts, galaxies: general, surveys},
 month = {January},
 pages = {S9},
 title = {{Photometric redshifts for Hyper Suprime-Cam Subaru Strategic Program Data Release 1}},
 volume = {70},
 year = {2018}
}

@article{2018PASJ...70S..25M,
 adsnote = {Provided by the SAO/NASA Astrophysics Data System},
 adsurl = {http://ads.nao.ac.jp/abs/2018PASJ...70S..25M},
 archiveprefix = {arXiv},
 author = {{Mandelbaum}, R. and {Miyatake}, H. and {Hamana}, T. and {Oguri}, M. and {Simet}, M. and {Armstrong}, R. and {Bosch}, J. and {Murata}, R. and {Lanusse}, F. and {Leauthaud}, A. and {Coupon}, J. and {More}, S. and {Takada}, M. and {Miyazaki}, S. and {Speagle}, J.~S. and {Shirasaki}, M. and {Sif{\'o}n}, C. and {Huang}, S. and {Nishizawa}, A.~J. and {Medezinski}, E. and {Okura}, Y. and {Okabe}, N. and {Czakon}, N. and {Takahashi}, R. and {Coulton}, W.~R. and {Hikage}, C. and {Komiyama}, Y. and {Lupton}, R.~H. and {Strauss}, M.~A. and {Tanaka}, M. and {Utsumi}, Y.},
 bdsk-url-1 = {https://doi.org/10.1093/pasj/psx130},
 doi = {10.1093/pasj/psx130},
 eid = {S25},
 eprint = {1705.06745},
 journal = {\pasj},
 keywords = {cosmology: observations, gravitational lensing: weak, methods: data analysis, techniques: image processing},
 month = {January},
 pages = {S25},
 title = {{The first-year shear catalog of the Subaru Hyper Suprime-Cam Subaru Strategic Program Survey}},
 volume = {70},
 year = {2018}
}

@article{2019arXiv190611765G,
 adsnote = {Provided by the SAO/NASA Astrophysics Data System},
 adsurl = {https://ui.adsabs.harvard.edu/abs/2019arXiv190611765G},
 archiveprefix = {arXiv},
 author = {{Garc{\'\i}a-Garc{\'\i}a}, Carlos and {Alonso}, David and {Bellini}, Emilio},
 eid = {arXiv:1906.11765},
 eprint = {1906.11765},
 journal = {arXiv e-prints},
 keywords = {Astrophysics - Cosmology and Nongalactic Astrophysics, Astrophysics - Instrumentation and Methods for Astrophysics},
 month = {Jun},
 pages = {arXiv:1906.11765},
 primaryclass = {astro-ph.CO},
 title = {{Disconnected pseudo-$C_\ell$ covariances for projected large-scale structure data}},
 year = {2019}
}

@article{2019MNRAS.484.4127A,
 adsnote = {Provided by the SAO/NASA Astrophysics Data System},
 adsurl = {https://ui.adsabs.harvard.edu/abs/2019MNRAS.484.4127A},
 archiveprefix = {arXiv},
 author = {{Alonso}, David and {Sanchez}, Javier and {Slosar}, An{\v{z}}e},
 bdsk-url-1 = {https://doi.org/10.1093/mnras/stz093},
 doi = {10.1093/mnras/stz093},
 eprint = {1809.09603},
 journal = {\mnras},
 keywords = {methods: data analysis, methods: numerical, Astrophysics - Cosmology and Nongalactic Astrophysics},
 month = {Apr},
 number = {3},
 pages = {4127-4151},
 primaryclass = {astro-ph.CO},
 title = {{A unified pseudo-C$_{{\ensuremath{\ell}}}$ framework}},
 volume = {484},
 year = {2019}
}

@article{2019OJAp....2E...3K,
 adsnote = {Provided by the SAO/NASA Astrophysics Data System},
 adsurl = {https://ui.adsabs.harvard.edu/abs/2019OJAp....2E...3K},
 archiveprefix = {arXiv},
 author = {{Kodwani}, Darsh and {Alonso}, David and {Ferreira}, Pedro},
 doi = {10.21105/astro.1811.11584},
 eid = {3},
 eprint = {1811.11584},
 journal = {The Open Journal of Astrophysics},
 keywords = {Astrophysics - Cosmology and Nongalactic Astrophysics},
 month = {Mar},
 number = {1},
 pages = {3},
 primaryclass = {astro-ph.CO},
 title = {{The effect on cosmological parameter estimation of a parameter dependent covariance matrix}},
 volume = {2},
 year = {2019}
}

@article{2019PASJ...71...43H,
 adsnote = {Provided by the SAO/NASA Astrophysics Data System},
 adsurl = {https://ui.adsabs.harvard.edu/abs/2019PASJ...71...43H},
 archiveprefix = {arXiv},
 author = {{Hikage}, Chiaki and {Oguri}, Masamune and {Hamana}, Takashi and
{More}, Surhud and {Mandelbaum}, Rachel and {Takada}, Masahiro and
{K{\"o}hlinger}, Fabian and {Miyatake}, Hironao and
{Nishizawa}, Atsushi J. and {Aihara}, Hiroaki and {Armstrong}, Robert and
{Bosch}, James and {Coupon}, Jean and {Ducout}, Anne and {Ho}, Paul and
{Hsieh}, Bau-Ching and {Komiyama}, Yutaka and
{Lanusse}, Fran{\c{c}}ois and {Leauthaud}, Alexie and
{Lupton}, Robert H. and {Medezinski}, Elinor and {Mineo}, Sogo and
{Miyama}, Shoken and {Miyazaki}, Satoshi and {Murata}, Ryoma and
{Murayama}, Hitoshi and {Shirasaki}, Masato and
{Sif{\'o}n}, Crist{\'o}bal and {Simet}, Melanie and {Speagle}, Joshua and
{Spergel}, David N. and {Strauss}, Michael A. and {Sugiyama}, Naoshi and
{Tanaka}, Masayuki and {Utsumi}, Yousuke and {Wang}, Shiang-Yu and
{Yamada}, Yoshihiko},
 doi = {10.1093/pasj/psz010},
 eid = {43},
 eprint = {1809.09148},
 journal = {\pasj},
 keywords = {dark matter, gravitational lensing: weak, large-scale structure of universe, Astrophysics - Cosmology and Nongalactic Astrophysics},
 month = {Apr},
 number = {2},
 pages = {43},
 primaryclass = {astro-ph.CO},
 title = {{Cosmology from cosmic shear power spectra with Subaru Hyper Suprime-Cam first-year data}},
 volume = {71},
 year = {2019}
}

@article{Akeret:2013,
 abstract = {We study the benefits and limits of parallelised Markov chain Monte Carlo (MCMC) sampling in cosmology. MCMC methods are widely used for the estimation of cosmological parameters from a given set of observations and are typically based on the Metropolis-Hastings algorithm. Some of the required calculations can however be computationally intensive, meaning that a single long chain can take several hours or days to calculate. In practice, this can be limiting, since the MCMC process needs to be performed many times to test the impact of possible systematics and to understand the robustness of the measurements being made. To achieve greater speed through parallelisation, MCMC algorithms need to have short autocorrelation times and minimal overheads caused by tuning and burn-in. The resulting scalability is hence influenced by two factors, the MCMC overheads and the parallelisation costs. In order to efficiently distribute the MCMC sampling over thousands of cores on modern cloud computing infrastructure, we developed a Python framework called CosmoHammer  which embeds emcee, an implementation by Foreman-Mackey et al. (2012) of the affine invariant ensemble sampler by Goodman and Weare (2010). We test the performance of CosmoHammer for cosmological parameter estimation from cosmic microwave background data. While Metropolis-Hastings is dominated by overheads, CosmoHammer is able to accelerate the sampling process from a wall time of 30 h on a dual core notebook to 16 min by scaling out to 2048 cores. Such short wall times for complex datasets open possibilities for extensive model testing and control of systematics.},
 adsnote = {Provided by the SAO/NASA Astrophysics Data System},
 adsurl = {https://ui.adsabs.harvard.edu/abs/2013A%26C.....2...27A},
 author = {{Akeret}, J. and {Seehars}, S. and {Amara}, A. and {Refregier}, A. and {Csillaghy}, A.},
 bdsk-url-1 = {https://doi.org/10.1016/j.ascom.2013.06.003},
 bdsk-url-2 = {https://ui.adsabs.harvard.edu/abs/2013A%26C.....2...27A},
 date-added = {2019-07-27 23:07:46 -0400},
 date-modified = {2019-07-27 23:07:58 -0400},
 doi = {10.1016/j.ascom.2013.06.003},
 journal = {Astronomy and Computing},
 keywords = {Markov chain Monte Carlo methods, Cloud computing, Cosmological parameter estimation},
 month = {August},
 pages = {27-39},
 title = {{CosmoHammer: Cosmological parameter estimation with the MCMC Hammer}},
 volume = {2},
 year = {2013}
}

@article{Andrae:2010,
 adsnote = {Provided by the SAO/NASA Astrophysics Data System},
 adsurl = {https://ui.adsabs.harvard.edu/abs/2010arXiv1012.3754A},
 archiveprefix = {arXiv},
 author = {{Andrae}, Rene and {Schulze-Hartung}, Tim and {Melchior}, Peter},
 date-added = {2019-09-22 12:32:11 -0400},
 date-modified = {2019-09-22 12:32:26 -0400},
 eid = {arXiv:1012.3754},
 eprint = {1012.3754},
 journal = {arXiv e-prints},
 keywords = {Astrophysics - Instrumentation and Methods for Astrophysics, Physics - Data Analysis, Statistics and Probability, Statistics - Methodology},
 month = {Dec},
 pages = {arXiv:1012.3754},
 primaryclass = {astro-ph.IM},
 title = {{Dos and don'ts of reduced chi-squared}},
 year = {2010}
}

@article{Bartelmann:2001,
 adsnote = {Provided by the SAO/NASA Astrophysics Data System},
 adsurl = {https://ui.adsabs.harvard.edu/abs/2001PhR...340..291B},
 archiveprefix = {arXiv},
 author = {{Bartelmann}, M. and {Schneider}, P.},
 bdsk-url-1 = {https://doi.org/10.1016/S0370-1573(00)00082-X},
 date-added = {2019-09-25 15:54:33 -0400},
 date-modified = {2019-09-25 15:54:45 -0400},
 doi = {10.1016/S0370-1573(00)00082-X},
 eprint = {astro-ph/9912508},
 journal = {\physrep},
 keywords = {Astrophysics},
 month = {Jan},
 number = {4-5},
 pages = {291-472},
 primaryclass = {astro-ph},
 title = {{Weak gravitational lensing}},
 volume = {340},
 year = {2001}
}

@article{Challinor:2011,
 adsnote = {Provided by the SAO/NASA Astrophysics Data System},
 adsurl = {https://ui.adsabs.harvard.edu/abs/2011PhRvD..84d3516C},
 archiveprefix = {arXiv},
 author = {{Challinor}, Anthony and {Lewis}, Antony},
 bdsk-url-1 = {https://doi.org/10.1103/PhysRevD.84.043516},
 date-added = {2019-09-23 09:11:14 -0400},
 date-modified = {2019-09-23 09:11:29 -0400},
 doi = {10.1103/PhysRevD.84.043516},
 eid = {043516},
 eprint = {1105.5292},
 journal = {\prd},
 keywords = {98.80.-k, Cosmology, Astrophysics - Cosmology and Extragalactic Astrophysics},
 month = {Aug},
 number = {4},
 pages = {043516},
 primaryclass = {astro-ph.CO},
 title = {{Linear power spectrum of observed source number counts}},
 volume = {84},
 year = {2011}
}

@article{Coil:2004,
 adsnote = {Provided by the SAO/NASA Astrophysics Data System},
 adsurl = {https://ui.adsabs.harvard.edu/abs/2004ApJ...609..525C},
 author = {{Coil}, A.~L. and {Davis}, M. and {Madgwick}, D.~S. and {Newman}, J.~A. and {Conselice}, C.~J. and {Cooper}, M. and {Ellis}, R.~S. and {Faber}, S.~M. and {Finkbeiner}, D.~P. and {Guhathakurta}, P. and {Kaiser}, N. and {Koo}, D.~C. and {Phillips}, A.~C. and {Steidel}, C.~C. and {Weiner}, B.~J. and {Willmer}, C.~N.~A. and {Yan}, R.},
 bdsk-url-1 = {https://doi.org/10.1086/421337},
 date-added = {2019-09-22 17:53:12 -0400},
 date-modified = {2019-09-22 17:53:23 -0400},
 doi = {10.1086/421337},
 eprint = {astro-ph/0305586},
 journal = {\apj},
 keywords = {Galaxies: Distances and Redshifts, Galaxies: Evolution, Galaxies: High-Redshift, Galaxies: Statistics, Cosmology: Large-Scale Structure of Universe, Surveys},
 month = {July},
 pages = {525-538},
 title = {{The DEEP2 Galaxy Redshift Survey: Clustering of Galaxies in Early Data}},
 volume = {609},
 year = {2004}
}

@article{Duffy:2008,
 adsnote = {Provided by the SAO/NASA Astrophysics Data System},
 adsurl = {https://ui.adsabs.harvard.edu/abs/2008MNRAS.390L..64D},
 archiveprefix = {arXiv},
 author = {{Duffy}, Alan R. and {Schaye}, Joop and {Kay}, Scott T. and {Dalla Vecchia}, Claudio},
 bdsk-url-1 = {https://doi.org/10.1111/j.1745-3933.2008.00537.x},
 date-added = {2019-09-29 13:03:24 -0400},
 date-modified = {2019-09-29 13:03:36 -0400},
 doi = {10.1111/j.1745-3933.2008.00537.x},
 eprint = {0804.2486},
 journal = {\mnras},
 keywords = {methods: N-body simulations, galaxies: clusters: general, galaxies: haloes, cosmological parameters, cosmology: theory, dark matter, Astrophysics},
 month = {Oct},
 number = {1},
 pages = {L64-L68},
 primaryclass = {astro-ph},
 title = {{Dark matter halo concentrations in the Wilkinson Microwave Anisotropy Probe year 5 cosmology}},
 volume = {390},
 year = {2008}
}

@article{Foreman-Mackey2013,
 adsnote = {Provided by the SAO/NASA Astrophysics Data System},
 adsurl = {https://ui.adsabs.harvard.edu/abs/2013PASP..125..306F},
 archiveprefix = {arXiv},
 author = {{Foreman-Mackey}, Daniel and {Hogg}, David W. and {Lang}, Dustin and {Goodman}, Jonathan},
 bdsk-url-1 = {https://doi.org/10.1086/670067},
 date-added = {2019-09-18 16:24:32 -0400},
 date-modified = {2019-09-18 16:24:56 -0400},
 doi = {10.1086/670067},
 eprint = {1202.3665},
 journal = {\pasp},
 keywords = {Astrophysics - Instrumentation and Methods for Astrophysics, Physics - Computational Physics, Statistics - Computation},
 month = {Mar},
 number = {925},
 pages = {306},
 primaryclass = {astro-ph.IM},
 title = {{emcee: The MCMC Hammer}},
 volume = {125},
 year = {2013}
}

@article{Ilbert:2009,
 adsnote = {Provided by the SAO/NASA Astrophysics Data System},
 adsurl = {https://ui.adsabs.harvard.edu/abs/2009ApJ...690.1236I},
 archiveprefix = {arXiv},
 author = {{Ilbert}, O. and {Capak}, P. and {Salvato}, M. and {Aussel}, H. and {McCracken}, H.~J. and {Sanders}, D.~B. and {Scoville}, N. and {Kartaltepe}, J. and {Arnouts}, S. and {Le Floc'h}, E. and {Mobasher}, B. and {Taniguchi}, Y. and {Lamareille}, F. and {Leauthaud}, A. and {Sasaki}, S. and {Thompson}, D. and {Zamojski}, M. and {Zamorani}, G. and {Bardelli}, S. and {Bolzonella}, M. and {Bongiorno}, A. and {Brusa}, M. and {Caputi}, K.~I. and {Carollo}, C.~M. and {Contini}, T. and {Cook}, R. and {Coppa}, G. and {Cucciati}, O. and {de la Torre}, S. and {de Ravel}, L. and {Franzetti}, P. and {Garilli}, B. and {Hasinger}, G. and {Iovino}, A. and {Kampczyk}, P. and {Kneib}, J. -P. and {Knobel}, C. and {Kovac}, K. and {Le Borgne}, J.~F. and {Le Brun}, V. and {Le F{\`e}vre}, O. and {Lilly}, S. and {Looper}, D. and {Maier}, C. and {Mainieri}, V. and {Mellier}, Y. and {Mignoli}, M. and {Murayama}, T. and {Pell{\`o}}, R. and {Peng}, Y. and {P{\'e}rez-Montero}, E. and {Renzini}, A. and {Ricciardelli}, E. and {Schiminovich}, D. and {Scodeggio}, M. and {Shioya}, Y. and {Silverman}, J. and {Surace}, J. and {Tanaka}, M. and {Tasca}, L. and {Tresse}, L. and {Vergani}, D. and {Zucca}, E.},
 bdsk-url-1 = {https://doi.org/10.1088/0004-637X/690/2/1236},
 date-added = {2019-09-14 23:45:47 -0400},
 date-modified = {2019-09-14 23:45:58 -0400},
 doi = {10.1088/0004-637X/690/2/1236},
 eprint = {0809.2101},
 journal = {\apj},
 keywords = {galaxies: distances and redshifts, galaxies: evolution, galaxies: formation, Astrophysics},
 month = {Jan},
 number = {2},
 pages = {1236-1249},
 primaryclass = {astro-ph},
 title = {{Cosmos Photometric Redshifts with 30-Bands for 2-deg$^{2}$}},
 volume = {690},
 year = {2009}
}

@article{Joachimi:2010,
 adsnote = {Provided by the SAO/NASA Astrophysics Data System},
 adsurl = {https://ui.adsabs.harvard.edu/abs/2010A&A...523A...1J},
 archiveprefix = {arXiv},
 author = {{Joachimi}, B. and {Bridle}, S.~L.},
 bdsk-url-1 = {https://doi.org/10.1051/0004-6361/200913657},
 date-added = {2019-09-25 15:54:04 -0400},
 date-modified = {2019-09-25 15:54:16 -0400},
 doi = {10.1051/0004-6361/200913657},
 eid = {A1},
 eprint = {0911.2454},
 journal = {\aap},
 keywords = {cosmology: theory, gravitational lensing: weak, large-scale structure of the Universe, cosmological parameters, methods: data analysis, Astrophysics - Cosmology and Nongalactic Astrophysics},
 month = {Nov},
 pages = {A1},
 primaryclass = {astro-ph.CO},
 title = {{Simultaneous measurement of cosmology and intrinsic alignments using joint cosmic shear and galaxy number density correlations}},
 volume = {523},
 year = {2010}
}

@article{Joudaki:2019,
 adsnote = {Provided by the SAO/NASA Astrophysics Data System},
 adsurl = {https://ui.adsabs.harvard.edu/abs/2019arXiv190609262J},
 archiveprefix = {arXiv},
 author = {{Joudaki}, S. and {Hildebrandt}, H. and {Traykova}, D. and {Chisari}, N.~E. and {Heymans}, C. and {Kannawadi}, A. and {Kuijken}, K. and {Wright}, A.~H. and {Asgari}, M. and {Erben}, T. and {Hoekstra}, H. and {Joachimi}, B. and {Miller}, L. and {Tr{\"o}ster}, T. and {van den Busch}, J.~L.},
 date-added = {2019-09-18 14:08:29 -0400},
 date-modified = {2019-09-18 14:08:46 -0400},
 eid = {arXiv:1906.09262},
 eprint = {1906.09262},
 journal = {arXiv e-prints},
 keywords = {Astrophysics - Cosmology and Nongalactic Astrophysics},
 month = {Jun},
 pages = {arXiv:1906.09262},
 primaryclass = {astro-ph.CO},
 title = {{KiDS+VIKING-450 and DES-Y1 combined: Cosmology with cosmic shear}},
 year = {2019}
}

@article{Kaiser:1992,
 abstract = {The two-point statistics of the gravitationally induced ellipticities of distant galaxy images which provide a direct probe of the mass fluctuation spectrum P(k) is analyzed. The relation between the ellipticity pattern of the background galaxies and the projected density of foreground matter is explored. This yields both useful statistical correlations and also an approximate method for directly imaging foreground mass concentrations. Angular power spectra are calculated using the analogue of Limber's equation in the Fourier domain, as well as angular correlation functions. It is found that there are some characteristic features of the ellipticity correlations that appear most clearly in the Fourier representation. The analysis is valid for arbitrary evolution of P(k) and for an arbitrary distance distribution for the galaxies. It is shown that the size of the effect on very large scales is tightly constrained by microwave anisotropy limits, but that the density fluctuations inferred from observed peculiar motions suggest interestingly large effects at angular scales below about a degree.},
 adsnote = {Provided by the SAO/NASA Astrophysics Data System},
 adsurl = {http://adsabs.harvard.edu/abs/1992ApJ...388..272K},
 author = {{Kaiser}, N.},
 bdsk-file-1 = {YnBsaXN0MDDSAQIDBFxyZWxhdGl2ZVBhdGhZYWxpYXNEYXRhXxAmLi4vLi4vLi4vLi4vLi4vLi4vUGFwZXJzL3RtcGZsOEhiSi5wZGZPEQGMAAAAAAGMAAIAAAxNYWNpbnRvc2ggSEQAAAAAAAAAAAAAAAAAAADMy9JESCsAAACXuIQNdG1wZmw4SGJKLnBkZgAAAAAAAAAAAAAAAAAAAAAAAAAAAAAAAAAAAAAAAAAAAAAAAAAAAAAAAAAAAAAAAAAAAWFHrdN8Od8AAAAAAAAAAAAGAAIAAAkgAAAAAAAAAAAAAAAAAAAABlBhcGVycwAQAAgAAMzMGJQAAAARAAgAANN8ch8AAAABABAAl7iEAAXLKAAFyycAAgY6AAIAPU1hY2ludG9zaCBIRDpVc2VyczoAQW5kcmluYToARG9jdW1lbnRzOgBQYXBlcnM6AHRtcGZsOEhiSi5wZGYAAA4AHAANAHQAbQBwAGYAbAA4AEgAYgBKAC4AcABkAGYADwAaAAwATQBhAGMAaQBuAHQAbwBzAGgAIABIAEQAEgAsVXNlcnMvQW5kcmluYS9Eb2N1bWVudHMvUGFwZXJzL3RtcGZsOEhiSi5wZGYAEwABLwAAFQACAA7//wAAAAgADQAaACQATQAAAAAAAAIBAAAAAAAAAAUAAAAAAAAAAAAAAAAAAAHd},
 bdsk-url-1 = {http://dx.doi.org/10.1086/171151},
 bdsk-url-2 = {http://adsabs.harvard.edu/abs/1992ApJ...388..272K},
 date-added = {2019-09-29 12:48:34 -0400},
 date-modified = {2019-09-29 12:48:34 -0400},
 doi = {10.1086/171151},
 journal = {\apj},
 keywords = {Galactic Clusters, Galactic Structure, Gravitational Lenses, Mass Distribution, Power Spectra, Quasars, Spatial Distribution, Universe},
 month = {April},
 pages = {272-286},
 title = {{Weak gravitational lensing of distant galaxies}},
 volume = {388},
 year = {1992}
}

@article{Kaiser:1998,
 abstract = {We explore the dependence of weak lensing phenomena on the background cosmology. We first generalize the relation between Ppsi(omega), the angular power spectrum of the distortion, and the power spectrum of density fluctuations to nonflat cosmologies. We then compute Ppsi for various illustrative models. A useful cosmological discriminator is the growth of Ppsi with source redshift, which is much stronger in low-matter density models and especially in Lambda-dominated models. With even crude redshift information (say from broadband colors), it should be possible to constrain the cosmological world model. The amplitude of Ppsi(omega) is also quite sensitive to the cosmology, but requires a reliable external normalization for the mass fluctuations. If one normalizes to galaxy clustering, with M/L fixed by small-scale galaxy dynamics, then low-density models predict a much stronger distortion. If, however, one normalizes to large-scale bulk flows, the predicted distortion for sources at redshifts Zs ~ 1-3 is rather insensitive to the background cosmology. The signals predicted here can be detected at a very high level of significance with a photometric survey covering, say, 10 deg2, but sparse sampling is needed to avoid large sampling variance. We discuss the factors influencing the design of an optimum survey. Turning to weak lensing by clusters, we find that for high lens redshifts (Zl ~= 1) the critical density is substantially reduced in Lambda-models, but that the ratio of the shear or convergence to the velocity dispersions or X-ray temperature of clusters is only very weakly dependent on the cosmology.},
 adsnote = {Provided by the SAO/NASA Astrophysics Data System},
 adsurl = {http://adsabs.harvard.edu/abs/1998ApJ...498...26K},
 arxivurl = {http://arxiv.org/abs/astro-ph/9610120},
 author = {{Kaiser}, N.},
 bdsk-file-1 = {YnBsaXN0MDDSAQIDBFxyZWxhdGl2ZVBhdGhZYWxpYXNEYXRhXxAmLi4vLi4vLi4vLi4vLi4vLi4vUGFwZXJzL3RtcFFaWWFnMC5wZGZPEQGMAAAAAAGMAAIAAAxNYWNpbnRvc2ggSEQAAAAAAAAAAAAAAAAAAADMy9JESCsAAACXuIQNdG1wUVpZYWcwLnBkZgAAAAAAAAAAAAAAAAAAAAAAAAAAAAAAAAAAAAAAAAAAAAAAAAAAAAAAAAAAAAAAAAAAAWFHj9N8OakAAAAAAAAAAAAGAAIAAAkgAAAAAAAAAAAAAAAAAAAABlBhcGVycwAQAAgAAMzMGJQAAAARAAgAANN8cekAAAABABAAl7iEAAXLKAAFyycAAgY6AAIAPU1hY2ludG9zaCBIRDpVc2VyczoAQW5kcmluYToARG9jdW1lbnRzOgBQYXBlcnM6AHRtcFFaWWFnMC5wZGYAAA4AHAANAHQAbQBwAFEAWgBZAGEAZwAwAC4AcABkAGYADwAaAAwATQBhAGMAaQBuAHQAbwBzAGgAIABIAEQAEgAsVXNlcnMvQW5kcmluYS9Eb2N1bWVudHMvUGFwZXJzL3RtcFFaWWFnMC5wZGYAEwABLwAAFQACAA7//wAAAAgADQAaACQATQAAAAAAAAIBAAAAAAAAAAUAAAAAAAAAAAAAAAAAAAHd},
 bdsk-url-1 = {http://dx.doi.org/10.1086/305515},
 bdsk-url-2 = {http://arxiv.org/abs/astro-ph/9610120},
 bdsk-url-3 = {http://adsabs.harvard.edu/abs/1998ApJ...498...26K},
 date-added = {2019-09-29 12:48:34 -0400},
 date-modified = {2019-09-29 12:48:34 -0400},
 doi = {10.1086/305515},
 eprint = {astro-ph/9610120},
 journal = {\apj},
 keywords = {COSMOLOGY: THEORY, COSMOLOGY: GRAVITATIONAL LENSING, COSMOLOGY: LARGE-SCALE STRUCTURE OF UNIVERSE, Cosmology: Theory, Cosmology: Gravitational Lensing, Cosmology: Large-Scale Structure of Universe},
 month = {May},
 pages = {26-42},
 title = {{Weak Lensing and Cosmology}},
 volume = {498},
 year = {1998}
}

@article{Krause:2017,
 adsnote = {Provided by the SAO/NASA Astrophysics Data System},
 adsurl = {https://ui.adsabs.harvard.edu/abs/2017MNRAS.470.2100K},
 archiveprefix = {arXiv},
 author = {{Krause}, Elisabeth and {Eifler}, Tim},
 bdsk-url-1 = {https://doi.org/10.1093/mnras/stx1261},
 date-added = {2019-07-27 20:01:33 -0400},
 date-modified = {2019-07-27 20:01:44 -0400},
 doi = {10.1093/mnras/stx1261},
 eprint = {1601.05779},
 journal = {\mnras},
 keywords = {cosmological parameters, large-scale structure of Universe, cosmology: theory, Astrophysics - Cosmology and Nongalactic Astrophysics},
 month = {Sep},
 number = {2},
 pages = {2100-2112},
 primaryclass = {astro-ph.CO},
 title = {{cosmolike - cosmological likelihood analyses for photometric galaxy surveys}},
 volume = {470},
 year = {2017}
}

@article{Lacasa:2018,
 adsnote = {Provided by the SAO/NASA Astrophysics Data System},
 adsurl = {https://ui.adsabs.harvard.edu/abs/2018A&A...615A...1L},
 archiveprefix = {arXiv},
 author = {{Lacasa}, Fabien},
 bdsk-url-1 = {https://doi.org/10.1051/0004-6361/201732343},
 date-added = {2019-09-25 15:07:41 -0400},
 date-modified = {2019-09-25 15:07:51 -0400},
 doi = {10.1051/0004-6361/201732343},
 eid = {A1},
 eprint = {1711.07372},
 journal = {\aap},
 keywords = {methods: analytical, galaxies: statistics, large-scale structure of Universe, Astrophysics - Cosmology and Nongalactic Astrophysics},
 month = {Jul},
 pages = {A1},
 primaryclass = {astro-ph.CO},
 title = {{Covariance of the galaxy angular power spectrum with the halo model}},
 volume = {615},
 year = {2018}
}

@article{Limber:1953,
 adsnote = {Provided by the SAO/NASA Astrophysics Data System},
 adsurl = {http://adsabs.harvard.edu/abs/1953ApJ...117..134L},
 author = {{Limber}, D.~N.},
 bdsk-file-1 = {YnBsaXN0MDDSAQIDBFxyZWxhdGl2ZVBhdGhZYWxpYXNEYXRhXxAmLi4vLi4vLi4vLi4vLi4vLi4vUGFwZXJzL3RtcGVvRVdJOS5wZGZPEQGMAAAAAAGMAAIAAAxNYWNpbnRvc2ggSEQAAAAAAAAAAAAAAAAAAADMy9JESCsAAACXuIQNdG1wZW9FV0k5LnBkZgAAAAAAAAAAAAAAAAAAAAAAAAAAAAAAAAAAAAAAAAAAAAAAAAAAAAAAAAAAAAAAAAAAAWFI69N8O9cAAAAAAAAAAAAGAAIAAAkgAAAAAAAAAAAAAAAAAAAABlBhcGVycwAQAAgAAMzMGJQAAAARAAgAANN8dBcAAAABABAAl7iEAAXLKAAFyycAAgY6AAIAPU1hY2ludG9zaCBIRDpVc2VyczoAQW5kcmluYToARG9jdW1lbnRzOgBQYXBlcnM6AHRtcGVvRVdJOS5wZGYAAA4AHAANAHQAbQBwAGUAbwBFAFcASQA5AC4AcABkAGYADwAaAAwATQBhAGMAaQBuAHQAbwBzAGgAIABIAEQAEgAsVXNlcnMvQW5kcmluYS9Eb2N1bWVudHMvUGFwZXJzL3RtcGVvRVdJOS5wZGYAEwABLwAAFQACAA7//wAAAAgADQAaACQATQAAAAAAAAIBAAAAAAAAAAUAAAAAAAAAAAAAAAAAAAHd},
 bdsk-url-1 = {http://dx.doi.org/10.1086/145672},
 bdsk-url-2 = {http://adsabs.harvard.edu/articles/abstracts/1953/ApJ../1953ApJ...117..134L.gif},
 bdsk-url-3 = {http://adsabs.harvard.edu/abs/1953ApJ...117..134L},
 date-added = {2019-09-29 12:48:34 -0400},
 date-modified = {2019-09-29 12:48:34 -0400},
 doi = {10.1086/145672},
 journal = {\apj},
 month = {January},
 pages = {134},
 title = {{The Analysis of Counts of the Extragalactic Nebulae in Terms of a Fluctuating Density Field.}},
 volume = {117},
 year = {1953}
}

@article{Narayan:1989,
 adsnote = {Provided by the SAO/NASA Astrophysics Data System},
 adsurl = {https://ui.adsabs.harvard.edu/abs/1989ApJ...339L..53N},
 author = {{Narayan}, Ramesh},
 bdsk-url-1 = {https://doi.org/10.1086/185418},
 date-added = {2019-09-25 15:35:44 -0400},
 date-modified = {2019-09-25 15:35:56 -0400},
 doi = {10.1086/185418},
 journal = {\apjl},
 keywords = {Dark Matter, Galactic Structure, Gravitational Lenses, Quasars, Red Shift, Black Holes (Astronomy), Statistical Correlation, Stellar Luminosity, Astrophysics, DARK MATTER, GRAVITATIONAL LENSES, QUASARS},
 month = {Apr},
 pages = {L53},
 title = {{Gravitational Lensing and Quasar-Galaxy Correlations}},
 volume = {339},
 year = {1989}
}

@article{Planck:2018,
 adsnote = {Provided by the SAO/NASA Astrophysics Data System},
 adsurl = {https://ui.adsabs.harvard.edu/abs/2018arXiv180706209P},
 archiveprefix = {arXiv},
 author = {{Planck Collaboration} and {Aghanim}, N. and {Akrami}, Y. and
{Ashdown}, M. and {Aumont}, J. and {Baccigalupi}, C. and
{Ballardini}, M. and {Banday}, A.~J. and {Barreiro}, R.~B. and
{Bartolo}, N. and {Basak}, S. and {Battye}, R. and {Benabed}, K. and
{Bernard}, J. -P. and {Bersanelli}, M. and {Bielewicz}, P. and
{Bock}, J.~J. and {Bond}, J.~R. and {Borrill}, J. and {Bouchet}, F.~R. and
{Boulanger}, F. and {Bucher}, M. and {Burigana}, C. and
{Butler}, R.~C. and {Calabrese}, E. and {Cardoso}, J. -F. and
{Carron}, J. and {Challinor}, A. and {Chiang}, H.~C. and {Chluba}, J. and
{Colombo}, L.~P.~L. and {Combet}, C. and {Contreras}, D. and
{Crill}, B.~P. and {Cuttaia}, F. and {de Bernardis}, P. and
{de Zotti}, G. and {Delabrouille}, J. and {Delouis}, J. -M. and
{Di Valentino}, E. and {Diego}, J.~M. and {Dor{\'e}}, O. and
{Douspis}, M. and {Ducout}, A. and {Dupac}, X. and {Dusini}, S. and
{Efstathiou}, G. and {Elsner}, F. and {En{\ss}lin}, T.~A. and
{Eriksen}, H.~K. and {Fantaye}, Y. and {Farhang}, M. and
{Fergusson}, J. and {Fernandez-Cobos}, R. and {Finelli}, F. and
{Forastieri}, F. and {Frailis}, M. and {Fraisse}, A.~A. and
{Franceschi}, E. and {Frolov}, A. and {Galeotta}, S. and {Galli}, S. and
{Ganga}, K. and {G{\'e}nova-Santos}, R.~T. and {Gerbino}, M. and
{Ghosh}, T. and {Gonz{\'a}lez-Nuevo}, J. and {G{\'o}rski}, K.~M. and
{Gratton}, S. and {Gruppuso}, A. and {Gudmundsson}, J.~E. and
{Hamann}, J. and {Handley}, W. and {Hansen}, F.~K. and {Herranz}, D. and
{Hildebrandt}, S.~R. and {Hivon}, E. and {Huang}, Z. and
{Jaffe}, A.~H. and {Jones}, W.~C. and {Karakci}, A. and
{Keih{\"a}nen}, E. and {Keskitalo}, R. and {Kiiveri}, K. and {Kim}, J. and
{Kisner}, T.~S. and {Knox}, L. and {Krachmalnicoff}, N. and {Kunz}, M. and
{Kurki-Suonio}, H. and {Lagache}, G. and {Lamarre}, J. -M. and
{Lasenby}, A. and {Lattanzi}, M. and {Lawrence}, C.~R. and
{Le Jeune}, M. and {Lemos}, P. and {Lesgourgues}, J. and {Levrier}, F. and
{Lewis}, A. and {Liguori}, M. and {Lilje}, P.~B. and {Lilley}, M. and
{Lindholm}, V. and {L{\'o}pez-Caniego}, M. and {Lubin}, P.~M. and
{Ma}, Y. -Z. and {Mac{\'\i}as-P{\'e}rez}, J.~F. and {Maggio}, G. and
{Maino}, D. and {Mandolesi}, N. and {Mangilli}, A. and
{Marcos-Caballero}, A. and {Maris}, M. and {Martin}, P.~G. and
{Martinelli}, M. and {Mart{\'\i}nez-Gonz{\'a}lez}, E. and
{Matarrese}, S. and {Mauri}, N. and {McEwen}, J.~D. and
{Meinhold}, P.~R. and {Melchiorri}, A. and {Mennella}, A. and
{Migliaccio}, M. and {Millea}, M. and {Mitra}, S. and
{Miville-Desch{\^e}nes}, M. -A. and {Molinari}, D. and {Montier}, L. and
{Morgante}, G. and {Moss}, A. and {Natoli}, P. and
{N{\o}rgaard-Nielsen}, H.~U. and {Pagano}, L. and {Paoletti}, D. and
{Partridge}, B. and {Patanchon}, G. and {Peiris}, H.~V. and
{Perrotta}, F. and {Pettorino}, V. and {Piacentini}, F. and
{Polastri}, L. and {Polenta}, G. and {Puget}, J. -L. and
{Rachen}, J.~P. and {Reinecke}, M. and {Remazeilles}, M. and
{Renzi}, A. and {Rocha}, G. and {Rosset}, C. and {Roudier}, G. and
{Rubi{\~n}o-Mart{\'\i}n}, J.~A. and {Ruiz-Granados}, B. and
{Salvati}, L. and {Sandri}, M. and {Savelainen}, M. and {Scott}, D. and
{Shellard}, E.~P.~S. and {Sirignano}, C. and {Sirri}, G. and
{Spencer}, L.~D. and {Sunyaev}, R. and {Suur-Uski}, A. -S. and
{Tauber}, J.~A. and {Tavagnacco}, D. and {Tenti}, M. and
{Toffolatti}, L. and {Tomasi}, M. and {Trombetti}, T. and
{Valenziano}, L. and {Valiviita}, J. and {Van Tent}, B. and
{Vibert}, L. and {Vielva}, P. and {Villa}, F. and {Vittorio}, N. and {Wand
elt}, B.~D. and {Wehus}, I.~K. and {White}, M. and {White}, S.~D.~M. and
{Zacchei}, A. and {Zonca}, A.},
 eid = {arXiv:1807.06209},
 eprint = {1807.06209},
 journal = {arXiv e-prints},
 keywords = {Astrophysics - Cosmology and Nongalactic Astrophysics},
 month = {Jul},
 pages = {arXiv:1807.06209},
 primaryclass = {astro-ph.CO},
 title = {{Planck 2018 results. VI. Cosmological parameters}},
 year = {2018}
}

@article{Schneider:1989,
 adsnote = {Provided by the SAO/NASA Astrophysics Data System},
 adsurl = {https://ui.adsabs.harvard.edu/abs/1989A&A...221..221S},
 author = {{Schneider}, P.},
 date-added = {2019-09-25 15:35:04 -0400},
 date-modified = {2019-09-25 15:35:15 -0400},
 journal = {\aap},
 keywords = {Computational Astrophysics, Galaxies, Quasars, Red Shift, Astronomical Models, Astronomical Spectroscopy, Gravitational Lenses, Astrophysics},
 month = {Sep},
 number = {2},
 pages = {221-229},
 title = {{The number excess of galaxies around high redshift quasars}},
 volume = {221},
 year = {1989}
}

@article{Smith2003,
 adsnote = {Provided by the SAO/NASA Astrophysics Data System},
 adsurl = {http://adsabs.harvard.edu/abs/2003MNRAS.341.1311S},
 author = {{Smith}, R.~E. and {Peacock}, J.~A. and {Jenkins}, A. and {White}, S.~D.~M. and
{Frenk}, C.~S. and {Pearce}, F.~R. and {Thomas}, P.~A. and {Efstathiou}, G. and
{Couchman}, H.~M.~P.},
 doi = {10.1046/j.1365-8711.2003.06503.x},
 eprint = {astro-ph/0207664},
 journal = {\mnras},
 keywords = {methods: N-body simulations, cosmology: theory, large-scale structure of Universe},
 month = {June},
 pages = {1311-1332},
 title = {{Stable clustering, the halo model and non-linear cosmological power spectra}},
 volume = {341},
 year = {2003}
}

@article{Smith:2003,
 abstract = {We present the results of a large library of cosmological N-body simulations, using power-law initial spectra. The non-linear evolution of the matter power spectra is compared with the predictions of existing analytic scaling formulae based on the work of Hamilton et al. The scaling approach has assumed that highly non-linear structures obey `stable clustering' and are frozen in proper coordinates. Our results show that, when transformed under the self-similarity scaling, the scale-free spectra define a non-linear locus that is clearly shallower than would be required under stable clustering. Furthermore, the small-scale non-linear power increases as both the power spectrum index n and the density parameter Omega decrease, and this evolution is not well accounted for by the previous scaling formulae. This breakdown of stable clustering can be understood as resulting from the modification of dark matter haloes by continuing mergers. These effects are naturally included in the analytic `halo model' for non-linear structure; we use this approach to fit both our scale-free results and also our previous cold dark matter data. This method is more accurate than the commonly used Peacock-Dodds formula and should be applicable to more general power spectra. Code to evaluate non-linear power spectra using this method is available from <externallink type="url">http://as1.chem.nottingham.ac.uk/~res/software.html</A>. Following publication, we will make the power-law simulation data publically available through the Virgo website <externallink type="url">http://www.mpa-garching.mpg.de/Virgo/</A>.},
 adsnote = {Provided by the SAO/NASA Astrophysics Data System},
 adsurl = {http://adsabs.harvard.edu/abs/2003MNRAS.341.1311S},
 arxivurl = {http://arxiv.org/abs/astro-ph/0207664},
 author = {{Smith}, R.~E. and {Peacock}, J.~A. and {Jenkins}, A. and {White}, S.~D.~M. and {Frenk}, C.~S. and {Pearce}, F.~R. and {Thomas}, P.~A. and {Efstathiou}, G. and {Couchman}, H.~M.~P.},
 bdsk-file-1 = {YnBsaXN0MDDSAQIDBFxyZWxhdGl2ZVBhdGhZYWxpYXNEYXRhXxAmLi4vLi4vLi4vLi4vLi4vLi4vUGFwZXJzL3RtcDBRbjVMSy5wZGZPEQGMAAAAAAGMAAIAAAxNYWNpbnRvc2ggSEQAAAAAAAAAAAAAAAAAAADMy9JESCsAAACXuIQNdG1wMFFuNUxLLnBkZgAAAAAAAAAAAAAAAAAAAAAAAAAAAAAAAAAAAAAAAAAAAAAAAAAAAAAAAAAAAAAAAAAAAWGKZNN9TyEAAAAAAAAAAAAGAAIAAAkgAAAAAAAAAAAAAAAAAAAABlBhcGVycwAQAAgAAMzMGJQAAAARAAgAANN9h2EAAAABABAAl7iEAAXLKAAFyycAAgY6AAIAPU1hY2ludG9zaCBIRDpVc2VyczoAQW5kcmluYToARG9jdW1lbnRzOgBQYXBlcnM6AHRtcDBRbjVMSy5wZGYAAA4AHAANAHQAbQBwADAAUQBuADUATABLAC4AcABkAGYADwAaAAwATQBhAGMAaQBuAHQAbwBzAGgAIABIAEQAEgAsVXNlcnMvQW5kcmluYS9Eb2N1bWVudHMvUGFwZXJzL3RtcDBRbjVMSy5wZGYAEwABLwAAFQACAA7//wAAAAgADQAaACQATQAAAAAAAAIBAAAAAAAAAAUAAAAAAAAAAAAAAAAAAAHd},
 bdsk-url-1 = {http://dx.doi.org/10.1046/j.1365-8711.2003.06503.x},
 bdsk-url-2 = {http://arxiv.org/abs/astro-ph/0207664},
 bdsk-url-3 = {http://adsabs.harvard.edu/abs/2003MNRAS.341.1311S},
 date-added = {2019-09-29 13:09:05 -0400},
 date-modified = {2019-09-29 13:09:05 -0400},
 doi = {10.1046/j.1365-8711.2003.06503.x},
 eprint = {astro-ph/0207664},
 journal = {\mnras},
 keywords = {methods: N-body simulations, cosmology: theory, large-scale structure of Universe},
 month = {June},
 pages = {1311-1332},
 title = {{Stable clustering, the halo model and non-linear cosmological power spectra}},
 volume = {341},
 year = {2003}
}

@article{Takada:2013,
 abstract = {We provide a simple, unified approach to describing the impact of super-sample covariance, or beat coupling, on power spectrum estimation in a finite-volume survey. For a wide range of survey volumes, the sample variance that arises from modes that are larger than the survey dominates the covariance of power spectrum estimators for modes much smaller than the survey. The deeply nonlinear version of this effect is known as halo sample variance. We show that all variants are unified by the matter trispectrum of squeezed configurations and that such configurations obey a consistency relation which relates them to the response of the power spectrum to a change in the background density. Our method also applies to statistics that are based on radial projections of the density field such as weak lensing shear. While we use the halo model for an analytic description to expose the nature of the effect, the consistency description enables an accurate calibration of the full effect directly from simulations. It also suggests that super-sample covariance may be viewed as an additional interesting signal rather than excess noise.},
 adsnote = {Provided by the SAO/NASA Astrophysics Data System},
 adsurl = {https://ui.adsabs.harvard.edu/abs/2013PhRvD..87l3504T},
 archiveprefix = {arXiv},
 arxivurl = {http://arxiv.org/abs/1302.6994},
 author = {{Takada}, M. and {Hu}, W.},
 bdsk-file-1 = {YnBsaXN0MDDSAQIDBFxyZWxhdGl2ZVBhdGhZYWxpYXNEYXRhXxAmLi4vLi4vLi4vLi4vLi4vLi4vUGFwZXJzL3RtcGhOWnU0bS5wZGZPEQGMAAAAAAGMAAIAAAxNYWNpbnRvc2ggSEQAAAAAAAAAAAAAAAAAAADMy9JESCsAAACXuIQNdG1waE5adTRtLnBkZgAAAAAAAAAAAAAAAAAAAAAAAAAAAAAAAAAAAAAAAAAAAAAAAAAAAAAAAAAAAAAAAAAABo/ez9liVw4AAAAAAAAAAAAGAAIAAAkgAAAAAAAAAAAAAAAAAAAABlBhcGVycwAQAAgAAMzMGJQAAAARAAgAANlij04AAAABABAAl7iEAAXLKAAFyycAAgY6AAIAPU1hY2ludG9zaCBIRDpVc2VyczoAQW5kcmluYToARG9jdW1lbnRzOgBQYXBlcnM6AHRtcGhOWnU0bS5wZGYAAA4AHAANAHQAbQBwAGgATgBaAHUANABtAC4AcABkAGYADwAaAAwATQBhAGMAaQBuAHQAbwBzAGgAIABIAEQAEgAsVXNlcnMvQW5kcmluYS9Eb2N1bWVudHMvUGFwZXJzL3RtcGhOWnU0bS5wZGYAEwABLwAAFQACAA7//wAAAAgADQAaACQATQAAAAAAAAIBAAAAAAAAAAUAAAAAAAAAAAAAAAAAAAHd},
 bdsk-url-1 = {https://doi.org/10.1103/PhysRevD.87.123504},
 bdsk-url-2 = {http://arxiv.org/abs/1302.6994},
 bdsk-url-3 = {https://ui.adsabs.harvard.edu/abs/2013PhRvD..87l3504T},
 date-added = {2019-07-27 19:31:28 -0400},
 date-modified = {2019-07-27 19:31:37 -0400},
 doi = {10.1103/PhysRevD.87.123504},
 eid = {123504},
 eprint = {1302.6994},
 journal = {\prd},
 keywords = {Cosmology, Dark energy, Superclusters, large-scale structure of the Universe},
 month = {June},
 number = {12},
 pages = {123504},
 primaryclass = {astro-ph.CO},
 title = {{Power spectrum super-sample covariance}},
 volume = {87},
 year = {2013}
}

@article{Takahashi:2012,
 abstract = {Based on a suite of state-of-the-art high-resolution N-body simulations, we revisit the so-called halofit model as an accurate fitting formula for the nonlinear matter power spectrum. While the halofit model has frequently been used as a standard cosmological tool to predict the nonlinear matter power spectrum in a universe dominated by cold dark matter, its precision has been limited by the low resolution of N-body simulations used to determine the fitting parameters, suggesting the necessity of an improved fitting formula at small scales for future cosmological studies. We run high-resolution N-body simulations for 16 cosmological models around the Wilkinson Microwave Anisotropy Probe best-fit cosmological parameters (one-, three-, five-, and seven-year results), including dark energy models with a constant equation of state. The simulation results are used to re-calibrate the fitting parameters of the halofit model so as to reproduce small-scale power spectra of the N-body simulations, while keeping the precision at large scales. The revised fitting formula provides an accurate prediction of the nonlinear matter power spectrum in a wide range of wavenumbers (k <= 30 h Mpc-1) at redshifts 0 <= z <= 10, with 5% precision for k <= 1 h Mpc-1 at 0 <= z <= 10 and 10% for 1 <= k <= 10 h Mpc-1 at 0 <= z <= 3. We discuss the impact of the improved halofit model on weak-lensing power spectra and correlation functions, and show that the improved model better reproduces ray-tracing simulation results.},
 adsnote = {Provided by the SAO/NASA Astrophysics Data System},
 adsurl = {http://adsabs.harvard.edu/abs/2012ApJ...761..152T},
 archiveprefix = {arXiv},
 arxivurl = {http://arxiv.org/abs/1208.2701},
 author = {{Takahashi}, R. and {Sato}, M. and {Nishimichi}, T. and {Taruya}, A. and {Oguri}, M.},
 bdsk-file-1 = {YnBsaXN0MDDSAQIDBFxyZWxhdGl2ZVBhdGhZYWxpYXNEYXRhXxAmLi4vLi4vLi4vLi4vLi4vLi4vUGFwZXJzL3RtcDlYektaei5wZGZPEQGMAAAAAAGMAAIAAAxNYWNpbnRvc2ggSEQAAAAAAAAAAAAAAAAAAADMy9JESCsAAACXuIQNdG1wOVh6S1p6LnBkZgAAAAAAAAAAAAAAAAAAAAAAAAAAAAAAAAAAAAAAAAAAAAAAAAAAAAAAAAAAAAAAAAAAAWGKk9N9Tz0AAAAAAAAAAAAGAAIAAAkgAAAAAAAAAAAAAAAAAAAABlBhcGVycwAQAAgAAMzMGJQAAAARAAgAANN9h30AAAABABAAl7iEAAXLKAAFyycAAgY6AAIAPU1hY2ludG9zaCBIRDpVc2VyczoAQW5kcmluYToARG9jdW1lbnRzOgBQYXBlcnM6AHRtcDlYektaei5wZGYAAA4AHAANAHQAbQBwADkAWAB6AEsAWgB6AC4AcABkAGYADwAaAAwATQBhAGMAaQBuAHQAbwBzAGgAIABIAEQAEgAsVXNlcnMvQW5kcmluYS9Eb2N1bWVudHMvUGFwZXJzL3RtcDlYektaei5wZGYAEwABLwAAFQACAA7//wAAAAgADQAaACQATQAAAAAAAAIBAAAAAAAAAAUAAAAAAAAAAAAAAAAAAAHd},
 bdsk-url-1 = {http://dx.doi.org/10.1088/0004-637X/761/2/152},
 bdsk-url-2 = {http://arxiv.org/abs/1208.2701},
 bdsk-url-3 = {http://adsabs.harvard.edu/abs/2012ApJ...761..152T},
 date-added = {2019-09-29 13:09:05 -0400},
 date-modified = {2019-09-29 13:09:05 -0400},
 doi = {10.1088/0004-637X/761/2/152},
 eid = {152},
 eprint = {1208.2701},
 journal = {\apj},
 keywords = {cosmology: theory, large-scale structure of universe, methods: numerical},
 month = {December},
 pages = {152},
 title = {{Revising the Halofit Model for the Nonlinear Matter Power Spectrum}},
 volume = {761},
 year = {2012}
}

@article{Tinker:2010,
 adsnote = {Provided by the SAO/NASA Astrophysics Data System},
 adsurl = {https://ui.adsabs.harvard.edu/abs/2010ApJ...724..878T},
 archiveprefix = {arXiv},
 author = {{Tinker}, Jeremy L. and {Robertson}, Brant E. and {Kravtsov}, Andrey V. and {Klypin}, Anatoly and {Warren}, Michael S. and {Yepes}, Gustavo and {Gottl{\"o}ber}, Stefan},
 bdsk-url-1 = {https://doi.org/10.1088/0004-637X/724/2/878},
 date-added = {2019-09-29 12:59:11 -0400},
 date-modified = {2019-09-29 12:59:23 -0400},
 doi = {10.1088/0004-637X/724/2/878},
 eprint = {1001.3162},
 journal = {\apj},
 keywords = {cosmology: theory, large-scale structure of universe, methods: numerical, Astrophysics - Cosmology and Nongalactic Astrophysics},
 month = {Dec},
 number = {2},
 pages = {878-886},
 primaryclass = {astro-ph.CO},
 title = {{The Large-scale Bias of Dark Matter Halos: Numerical Calibration and Model Tests}},
 volume = {724},
 year = {2010}
}

